3200 5300
76 812 83 825 Ι

2 819 9 860 Ι
78 842 85 855 .

1332 374 1414 436 45

76 544 83 623 j
201 543 564 629 ἐτιμήσατο,
613 564 888 628 quocum
929 542 1064 608 τότε
1087 544 1599 631 conjungendum
1648 542 1752 624 sit,
1800 543 2131 626 temporie,
2178 541 2261 606 ad
2311 542 2483 626 quod

2 640 16 686 3

205 634 343 695 τότε
386 631 744 712 referatur,
787 630 964 696 notio
1010 632 1147 696 erui
1190 635 1429 715 potest.
1520 629 1768 696 Deinde
1811 636 2061 710 autem,
2108 647 2301 714 quum
2347 631 2485 692 τότε

209 718 348 785 voci
391 720 512 781 νῦν
535 717 904 801 oppositum
949 726 1069 798 est,
1115 739 1270 783 num
1316 716 1722 783 enuntiatum
1748 738 1890 783 cum
1934 716 2141 800 priori
2184 717 2481 799 conjungi

210 809 279 870 et
323 803 399 868 δέ
448 802 768 888 particula
828 824 1048 870 carere
1104 810 1361 889 posset,
1426 804 1865 887 maximopere
1923 801 2172 868 dubito.
2259 801 2481 886 Neque
2533 878 2536 881 ‚

205 911 356 957 vero
419 891 748 957 adsentiar
808 891 997 957 alteri
1062 890 1486 958 Scheibianae
1545 889 1697 955 nodi
1763 889 2050 955 solvendi
2112 887 2251 953 viae
2272 938 2288 969 ,
2354 902 2484 972 qua

76 970 83 983 ’
207 976 467 1044 verbum
511 976 648 1041 τότε
689 979 757 1042 in
800 981 955 1041 ποτέ
998 982 1322 1060 mutetur,
1368 981 1711 1060 praeterea
1754 981 1829 1042 ut
1872 976 1941 1041 in
1983 974 2184 1059 priori
2227 975 2484 1040 ratione

204 1063 546 1134 scribatur.
634 1063 794 1130 Pars
837 1065 1004 1130 enim
1046 1085 1288 1146 eorum,
1336 1084 1501 1148 quae
1543 1063 1612 1127 in
1656 1062 1928 1128 alteram
1974 1061 2484 1128 emendationem

202 1151 375 1216 dicta
420 1156 588 1230 sunt,
637 1151 827 1216 etiam
874 1150 940 1215 in
964 1152 1132 1217 hanc
1173 1152 1393 1218 valent
1436 1170 1514 1217 ac
1555 1151 1944 1233 praesertim
1966 1147 2230 1216 verbum
2280 1147 2481 1212 abun·

202 1237 362 1302 dare
405 1238 679 1303 videtur.
769 1236 895 1302 Sed
939 1237 1120 1318 illud,
1168 1238 1340 1322 quod
1371 1236 1447 1300 δε·
1487 1234 1829 1320 particula,
1877 1255 2007 1320 qua
2052 1233 2482 1322 anacoluthon

70 1326 77 1335 '
182 1314 466 1407 3prorsus
532 1322 806 1390 tollatur
824 1374 840 1404 ,
915 1344 1104 1409 aegre
1178 1324 1588 1390 desideretur
1616 1373 1630 1400 ,
1701 1322 1981 1389 fortasse
2038 1321 2477 1387 Hermannum

72 1428 77 1441 ¹
202 1411 558 1494 Sauppium
618 1409 700 1475 ad
759 1414 1189 1497 conjecturam
1247 1410 1685 1477 felicissimam
1746 1408 2050 1493 adduxit,
2115 1414 2190 1474 ut
2230 1411 2475 1493 majore

198 1497 736 1581 interpunctionis
797 1496 978 1581 signo
1036 1498 1251 1581 posito
1323 1495 1665 1562 scriberet:
1730 1497 1798 1559 π)
1837 1492 1910 1558 δὲ
1970 1493 2193 1558 τούτου
2236 1496 2470 1558 τοίνυν.

198 1584 501 1649 Attamen
546 1584 927 1667 corruptelis
972 1583 1183 1651 locum
1236 1604 1502 1668 prorsus
1531 1580 1963 1647 liberantibus
2009 1581 2220 1661 nobie,
2264 1581 2359 1645 ita
2404 1588 2475 1644 ut

198 1669 768 1736 Rauchensteinius
830 1671 982 1737 fecit
1004 1721 1019 1751 ‚
1091 1670 1299 1736 altera
1364 1688 1559 1754 quam
1608 1667 2138 1733 Westermannus
2196 1665 2473 1750 protulit

198 1756 348 1821 huic
392 1755 823 1822 emendationi
866 1756 1162 1823 addenda
1206 1763 1325 1838 est,
1372 1776 1451 1822 ex
1495 1776 1623 1839 qua
1663 1775 1782 1838 pro
1827 1754 2022 1820 verbo
2067 1755 2280 1818 τοίνυν
2324 1756 2476 1818 scri-

202 1842 379 1908 bitur
424 1847 559 1907 νῦν.
647 1842 799 1909 Duo
860 1844 1026 1909 enim
1074 1842 1317 1910 Calliae
1378 1842 1643 1907 minoris
1688 1842 1860 1907 vitae
1921 1846 2217 1924 tempora
2274 1861 2477 1924 oppo-

200 1935 464 2009 nuntur,
499 1928 774 1994 alterum
818 1939 1007 2014 patre
1049 1936 1326 2011 mortu0‚
1373 1949 1501 2013 quo
1547 1927 1997 1993 divitissimum
2042 1948 2112 1993 se
2154 1926 2475 2007 habuerit,

199 2034 512 2098 praesens
577 2017 982 2099 paupertatis
1049 2017 1416 2101 patefactae
1452 2014 1780 2080 alterum.
1860 2013 2017 2092 ,Jam
2083 2034 2235 2080 vero
2280 2034 2477 2097 quum

202 2121 331 2165 non
405 2123 664 2167 censum
714 2100 958 2168 Calliae
1009 2103 1077 2167 in
1123 2103 1490 2168 universum
1511 2149 1527 2179 ,
1598 2100 1711 2166 sed
1775 2106 2178 2184 praesentem
2217 2099 2475 2184 quidem

202 2188 687 2253 commemorari
713 2189 1133 2271 postulemus,
1177 2210 1301 2255 vox
1338 2191 1459 2265 νῦν
1498 2188 1869 2253 necessaria
1892 2193 2010 2269 est,
2057 2187 2218 2252 latet
2258 2192 2474 2251 autem

198 2274 264 2338 in
310 2276 506 2340 verbo
549 2277 764 2338 τοίνυν
792 2297 871 2341 ex
914 2274 1446 2345 antecedentibus
1472 2273 1641 2340 male
1687 2275 1984 2358 repetito.
2073 2272 2320 2352 Quibus
2363 2272 2475 2338 ab·

198 2360 428 2426 solutis
473 2360 555 2426 ad
579 2362 760 2444 prius
807 2364 1211 2427 enuntiatum
1236 2365 1344 2425 καὶ
1389 2362 1739 2425 διακοσίων
1780 2360 2111 2432 ταλάντων
2134 2359 2473 2444 ἐτιμήσατο

195 2446 272 2508 τοὶ
311 2446 511 2511 αὑτοῦ
554 2446 590 2510 ὅ
634 2446 914 2524 ποῖππος
968 2450 1382 2532 respicientes
1446 2453 1520 2513 ut
1573 2451 1869 2531 tempora
1913 2445 2159 2515 Galliae
2203 2446 2469 2512 minoris

195 2534 367 2600 vitae
410 2534 662 2599 diversa
707 2535 799 2599 ita-
853 2535 1047 2601 etiam
1095 2534 1645 2619 Calliae.maj0ris
1693 2540 1759 2599 et
1798 2535 2063 2601 minoris
2108 2555 2244 2599 rem
2286 2533 2474 2598 fami-

194 2619 421 2685 liarem
467 2621 705 2705 optime
731 2619 941 2688 verbis
985 2623 1061 2686 τοὶ
1089 2620 1286 2688 αὐτου
1330 2627 1396 2688 et
1438 2623 1507 2685 τὸ
1554 2619 1627 2685 δὲ
1649 2622 1875 2686 τούτου
1920 2624 2284 2708 oppositam
2332 2644 2471 2691 esse

192 2706 644 2789 intellegimus.
731 2707 961 2792 Itaque
1006 2710 1367 2795 posteriore
1411 2709 1574 2789 loco,
1622 2715 1697 2774 ut
1739 2709 2023 2776 dubitari
2061 2732 2189 2776 non
2231 2715 2469 2794 potest,

201 2792 270 2854 τὸ
320 2789 392 2854 δὲ
435 2793 662 2856 τούτου
706 2795 947 2877 scripto
1007 2800 1381 2881 conjectura
1436 2798 1512 2859 τά
1576 2793 1775 2859 αὐτοῦ
1844 2798 2038 2885 etiam
2086 2817 2165 2862 ex
2212 2798 2466 2865 ratione

188 2877 533 2956 rhetorica,
579 2895 772 2962 quum
801 2880 1028 2965 Lysias
1071 2881 1425 2948 antitheses
1471 2902 1550 2947 ex
1594 2883 1789 2948 rebus
1812 2882 1972 2967 ipsis
2017 2884 2272 2965 ductasj
2291 2893 2471 2951 amet

198 2964 305 3049 (cf.
348 2964 652 3046 PhotiuS,
713 2967 851 3032 cod.
918 2988 982 3051 p.
1034 2968 1227 3056 262),
1294 2968 1731 3053 maximopere
1798 2970 2301 3038 commendatur.
2390 2971 2465 3037 In

188 3051 331 3117 loco
398 3055 615 3116 autem
675 3054 1159 3137 corruptissimo
1222 3054 1548 3121 lenissima
1618 3055 1897 3140 medela,
1966 3078 2133 3142 quae
2199 3058 2283 3124 ab
2342 3078 2466 3124 usu

189 3137 414 3203 Attico
457 3137 781 3221 recedant,
829 3140 1129 3206 tollentes
1174 3139 1377 3207 multo
1421 3140 1649 3207 melius
1693 3163 1884 3227 agere
1928 3144 2115 3210 nobis
2154 3145 2463 3227 videmur,

191 3243 391 3306 quam
436 3224 783 3291 artificiose
825 3227 1088 3293 insolita
1132 3228 1537 3294 sustinentes.
1627 3230 1721 3295 Ac
1784 3230 1975 3296 simili
2020 3232 2086 3296 in
2132 3251 2204 3295 re
2249 3232 2465 3298 Schei-

185 3309 360 3384 bius,
403 3309 1001 3394 Rauchensteinius,
1049 3313 1331 3380 Cobetus
1374 3314 1746 3398 Emporium
1793 3317 1859 3383 in
1904 3338 1997 3384 or.
2038 3317 2229 3403 hujus
2275 3320 2331 3404 §-
2381 3321 2492 3384 31·

187 3394 459 3479 φύλακα
507 3397 970 3483 κατεστήσαμεν
1027 3399 1101 3465 ἓν
1157 3403 1231 3491 τῇ
1275 3400 1448 3482 οἰκίᾳ
1505 3421 1626 3485 pro
1691 3402 1957 3487 φύλακα
2002 3403 2464 3490 κατεστήσαμεν

193 3484 269 3571 τῇ
315 3481 492 3563 οἰκίᾳ
537 3483 923 3551 scribentem
971 3493 1145 3553 recte
1189 3488 1445 3572 sequuti
1490 3493 1658 3555 sunt.
