3200 5300
1557 445 1639 507 23

469 610 779 685 -seditio
853 612 1289 698 intellegenda
1337 613 1444 692 sit,
1492 633 1683 695 quam
1721 614 1914 677 etiam
1960 612 2185 696 Lysias
2208 614 2351 695 XII,
2398 617 2481 681 43
2526 617 2741 683 verbis

460 697 626 761 ὅθεν
665 701 772 780 ιῆς
817 699 1090 787 στάσεως
1131 697 1335 783 ἧρξαν
1378 706 1872 777 commemorat,
1947 720 2075 764 non
2120 699 2348 767 dubito
2393 701 2500 785 (cf.
2548 704 2742 769 etiam

460 782 722 850 Curtius
763 785 844 865 ΙΙ,
895 787 1096 872 761.).

1146 1095 1480 1168 CAPUT
1539 1097 2062 1169 ALTERUM.

637 1286 789 1352 Jam
832 1288 911 1352 de
977 1289 1298 1355 nonnullis
1343 1257 1577 1374 Ljsiae
1639 1291 1794 1356 locis
1842 1291 2059 1355 critice
2126 1288 2484 1354 tractandis
2535 1293 2601 1354 et
2645 1311 2749 1354 ex-

466 1372 778 1455 plicandis
822 1395 1010 1458 agam
1056 1396 1133 1440 ac
1174 1378 1454 1458 primum
1499 1377 1759 1460 quidem
1806 1377 1887 1441 de
2359 1380 2362 1387 ’

1378 1492 1519 1571 ΧΠ,
1566 1497 1843 1557 50—52.

643 1607 869 1691 Lysias
914 1612 1256 1692 postquam
1303 1609 1383 1673 de
1438 1610 1660 1675 fratris
1707 1610 1933 1691 caede,
2003 1631 2130 1692 quo
2176 1609 2366 1673 modo
2429 1610 2602 1675 facta
2648 1611 2751 1673 sits

475 1694 788 1776 exposuit,
834 1692 1327 1761 Eratosthenem
1354 1697 1411 1762 ei
1459 1719 1576 1761 sua
1606 1703 1834 1779 sponte
1881 1697 2109 1760 mortis
2143 1703 2469 1759 auctorem
2516 1694 2751 1760 factum

475 1800 615 1847 esse
679 1780 957 1863 probare
1022 1788 1290 1846 conatus
1358 1788 1458 1848 est
1524 1803 1762 1864 eaque,
1831 1803 2003 1865 quae
2064 1787 2403 1847 accusatus
2468 1780 2756 1863 proferre

474 1872 711 1953 posset,
756 1865 1081 1947 refutavit,
1129 1869 1326 1933 totius
1371 1867 1820 1933 Eratosthenis
1867 1869 2057 1949 vitae,
2104 1889 2229 1950 quo
2263 1867 2756 1947 demonstraret,

477 1975 622 2018 eum
669 1973 922 2034 semper
962 1951 1288 2020 hominum
1351 1956 1759 2037 popularium
1827 1955 2077 2019 hostem
2120 1952 2348 2034 fuisse,
2413 1955 2757 2036 imaginem

474 2038 865 2105 adumbrare
910 2039 1152 2120 studet;
1217 2044 1397 2124 cujus
1459 2044 1667 2124 partis
1731 2042 1796 2105 in
1856 2041 2041 2105 initio
2088 2041 2169 2106 de
2214 2041 2414 2105 totius
2458 2040 2756 2105 factionis

478 2125 703 2207 culpa,
772 2125 840 2188 in
898 2124 1025 2189 fine
1084 2126 1163 2189 de
1210 2126 1641 2206 Theramene,
1712 2130 1892 2211 cujus
1957 2125 2222 2191 factioni
2267 2126 2760 2192 Eratosthenem

476 2210 805 2276 addictum
849 2210 1049 2277 fuisse
1093 2219 1367 2292 constat,
1416 2213 1696 2293 disserit.
1784 2212 1861 2276 In
1905 2212 2355 2277 Eratosthenis
2398 2213 2596 2294 igitur
2631 2214 2760 2277 vita

477 2296 925 2363 adumbranda
969 2319 1165 2381 quum
1212 2299 1294 2362 ad
1328 2304 1581 2383 tempus
1627 2300 2007 2383 pervenerit,
2054 2319 2180 2381 quo
2208 2298 2391 2363 XXX
2434 2300 2531 2363 vir
2553 2299 2761 2364 factus

479 2390 607 2468 est,
676 2382 932 2467 qualem
975 2384 1039 2448 in
1084 2385 1452 2450 universum
1500 2385 1968 2451 Eratosthenes
2016 2407 2085 2449 se
2128 2384 2503 2467 praebuerit
2547 2391 2761 2449 osten-

480 2470 610 2553 dit,
678 2469 791 2535 sed
836 2469 930 2535 ita
973 2476 1047 2535 ut
1090 2490 1202 2552 ea,
1268 2491 1432 2554 quae
1476 2472 1544 2535 in
1585 2471 2070 2536 Polemarchum
2112 2471 2498 2555 Lysiamque
2541 2469 2762 2539 fecisse

481 2552 794 2639 arguitur,
867 2561 1048 2620 recta
1091 2577 1159 2621 se
1205 2557 1446 2622 habere
1492 2558 1683 2623 simul
1730 2579 2187 2645 cognoscamus
2233 2558 2330 2621 vel
2373 2556 2563 2622 facile
2608 2578 2760 2622 con-

480 2642 741 2709 cludere
807 2643 1144 2725 possimus.
1258 2643 1586 2709 Hactenus
1652 2644 1734 2710 de
1797 2644 2119 2710 sententia
2182 2644 2383 2709 totius
2450 2644 2761 2710 orationis

481 2730 689 2814 partis
732 2730 800 2793 in
843 2730 1241 2811 universum3
1312 2732 1376 2795 in
1439 2736 1663 2795 nostro
1728 2731 1870 2796 loco
1938 2735 2161 2796 orator
2221 2729 2420 2795 haece
2465 2731 2760 2814 exponit:

353 2899 361 2906 ⁹
483 2818 540 2881 si
582 2814 1043 2881 Eratosthenes
1088 2818 1290 2881 virum
1332 2816 1608 2899 probum
1653 2839 1721 2882 se
1785 2817 2098 2899 praebere
2144 2816 2480 2898 voluisset,
2554 2838 2762 2900 neque

482 2902 662 2968 XXX
705 2902 800 2966 vir
843 2900 985 2967 fieri
1052 2907 1118 2967 et
1161 2924 1356 2985 quum
1417 2902 1628 2969 factus
1695 2907 1866 2968 esset
1910 2903 2215 2967 Batrachi
2259 2907 2325 2968 et
2370 2903 2762 2986 Aeschylidis

482 2986 998 3072 denuntiationes
1059 2987 1258 3054 falsas
1320 3010 1459 3055 esse
1531 2989 1783 3055 senatui
1843 2989 2131 3055 indicare
2174 2988 2474 3055 debebat.
2569 2991 2764 3072 Atqui

483 3076 696 3140 dicere
741 3095 871 3162 non
915 3077 1150 3158 potest,
1193 3096 1267 3141 se
1305 3081 1627 3144 tacentem
1672 3075 1830 3140 nihil
1875 3075 2030 3140 mali
2071 3076 2320 3141 fecisse.
2410 3076 2574 3141 Nam
2617 3075 2763 3159 plu-

482 3162 628 3227 rimi
672 3159 907 3245 populo
951 3159 1353 3226 infestissimi
1398 3166 1537 3227 tum
1593 3162 1854 3244 quidem
1897 3162 2223 3230 silentium
2267 3168 2548 3228 tenuere.
2631 3162 2762 3230 Ne-

484 3270 609 3332 que
654 3268 947 3313 caussam
989 3247 1242 3314 tacendi
1288 3247 1519 3313 afferre
1565 3251 1816 3332 potest,
1862 3248 2034 3331 quod
2082 3253 2330 3314 ceteros
2372 3247 2550 3312 XXX
2592 3249 2764 3314 viros

483 3334 808 3413 timuerit,
874 3354 1024 3398 nam
1070 3334 1214 3399 aliis
1260 3334 1323 3398 in
1377 3335 1859 3413 occasionibuS,
1930 3333 2042 3399 ubi
2103 3334 2184 3402 de
2228 3334 2525 3401 factionis
2574 3335 2764 3400 sociis

485 3441 694 3487 sermo
741 3425 920 3499 erat,
989 3419 1314 3485 silentium
1361 3442 1489 3486 non
1532 3422 1684 3505 egit.
1759 3421 1993 3504 Neque
2038 3441 2187 3487 vero
2222 3420 2499 3502 deinde,
2566 3442 2764 3503 quum

483 3514 737 3589 tempus
783 3505 1186 3588 aptissimum
1233 3507 1291 3570 ei
1336 3507 1540 3571 videri
1598 3506 1898 3588 deberet,
1973 3526 2112 3572 eam
2137 3558 2151 3587 ,
2225 3527 2434 3589 quam,
2478 3507 2761 3588 simulat,

485 3615 639 3677 erga
684 3591 989 3677 populum
1036 3592 1547 3659 benevolentiam
1594 3593 1914 3674 ostendit,
1988 3593 2100 3659 sed
2145 3591 2578 3658 crudelissime
2622 3592 2762 3675 plu-

484 3681 682 3745 rimos
747 3677 1038 3743 homines
1102 3678 1448 3762 populares
1525 3679 1869 3746 interfecit.
1984 3678 2160 3756 Quae
2219 3679 2431 3743 omnia
2475 3679 2763 3762 quamvis

482 3768 647 3832 bene
693 3765 1061 3850 procedant,
1135 3766 1201 3830 in
1247 3766 1510 3849 singulis
1554 3767 1742 3849 plura
1788 3786 1952 3849 quae
1997 3767 2063 3830 in
2110 3764 2327 3831 codice
2372 3773 2594 3831 nostro
2637 3765 2764 3833 Pa-

484 3854 685 3919 latino
757 3850 1138 3930 traduntur,
1204 3851 1272 3916 in
1316 3850 1790 3918 dubitationem
1857 3873 1986 3917 non
2047 3852 2183 3916 sine
2249 3872 2477 3917 caussa
2533 3858 2764 3917 vocata

484 3937 798 4006 medelam
845 3938 1085 4021 partim
1129 3937 1514 4004 invenerunt
1558 3939 1796 4021 partim
1839 3940 2206 4002 etiamnunc
2251 3943 2589 4022 quaerunt.

658 4024 894 4091 Statim
937 4026 1002 4088 in
1046 4024 1231 4089 initio
1278 4029 1339 4107 ξ.
1378 4028 1459 4089 50
1502 4023 1849 4089 difficultas
1879 4024 2243 4089 continetur
2272 4024 2517 4093 verbisz
2552 4022 2765 4102 Ὅπως

482 4115 694 4178 τοίνυν
734 4111 821 4194 μὴ
869 4110 1220 4193 φανήσεται
1261 4111 1333 4173 ἐν
1376 4112 1464 4196 τῷ·
1506 4109 1675 4196 λόγῳ
1721 4120 1847 4186 τοϊς
1890 4110 2227 4196 τριάκοντα
2284 4110 2766 4191 ἐναντιούμενος

482 4221 623 4283 sqq.
715 4197 818 4263 Ad
863 4217 1053 4279 quem
1098 4195 1300 4262 locum
1349 4196 1923 4262 Rauchensteinius
1974 4197 2102 4284 (ed.
2147 4197 2286 4281 IV.)
2332 4196 2517 4265 dicit:
2562 4196 2634 4262 ἓν
2676 4199 2763 4280 τῷ

481 4285 691 4371 λόγῳ,
735 4286 803 4349 in
848 4283 963 4347 der
1002 4282 1178 4348 Rede
1202 4333 1217 4362 ,
1264 4283 1367 4348 die
1414 4283 1877 4349 Eratosthenes
1920 4283 2170 4348 damals
2214 4283 2511 4367 gehalten
2554 4283 2762 4350 haben

480 4511 606 4548 cum
641 4493 768 4547 adn.
798 4491 855 4559 3)
890 4491 1289 4546 demonstravit
1335 4492 1497 4556 atque
1534 4487 1821 4542 Herbstius
1870 4488 1929 4557 (1.
1967 4504 2014 4543 c.
2050 4506 2108 4558 p.
2146 4490 2238 4555 62)
2290 4506 2427 4556 quae
2462 4506 2650 4545 caussa
2685 4488 2764 4545 di-

480 4564 699 4624 lationis
736 4563 898 4618 fuerit
930 4579 1040 4617 non
1076 4562 1191 4619 sine
1228 4559 1526 4631 sagacitate
1561 4557 1865 4627 suspicatus
1902 4564 2001 4613 est.
