3200 5300
1256 448 1451 535 ·25'

229 639 549 724 respectis
572 689 587 719 ,
633 639 972 708 enuntiato
1015 642 1092 703 ut
1134 637 1295 703 haec
1338 637 1495 704 insit
1537 637 1857 703 sententia
1898 641 2330 721 postulamus:
2387 648 2520 730 J‘am

212 748 386 793 -vero
432 747 514 792 ne
557 730 889 809 appareat,
956 745 1100 791 eum
1146 724 1212 789 in
1260 723 1388 789 alia
1434 734 1520 777 —-'—
1566 724 1814 790 scilicet
1854 724 2272 795 Theramenis
2325 768 2394 781 -
2448 752 2520 797 re
2567 787 2571 790 ⁴

228 833 521 896 unquam
542 810 725 877 XXX
767 813 920 879 viris
963 811 1301 876 restitisse.
1395 809 1600 887 Quam
1648 811 1791 894 quis
1835 818 2025 893 putat
2052 816 2265 881 inesse
2355 837 2521 898 osse,

229 899 368 965 sive
411 898 738 982 vulgatam
781 898 1122 964 lectionem
1187 897 1536 967 retinemus
1583 897 1716 961 sive
1753 897 2030 981 Kayseri
2087 906 2305 987 conjec
2338 924 2523 971 uram

232 985 731 1069 (Heidelberger
756 990 764 997 ’
792 980 1062 1051 Jahrbb.
1133 987 1320 1063 1853,
1384 1005 1450 1067 p.
1492 986 1650 1069 228)
1723 985 2112 1066 probamus?
2229 989 2523 1072 Utraque

232 1072 492 1136 ratione
536 1072 727 1145 nimis
790 1069 1125 1135 indefinita
1181 1075 1332 1135 sunt
1377 1068 1605 1148 verba,
1638 1110 1642 1115 ·
1676 1090 1872 1152 quam
1913 1079 1988 1136 ut
2043 1073 2128 1137 ad
2173 1095 2283 1154 ea,
2358 1096 2523 1159 quae

235 1162 602 1240 sequuntur
643 1154 817 1220 ἀλλὰ
857 1157 944 1241 μὴ
1001 1154 1166 1236 ὑπὲρ
1215 1157 1636 1239 Θηραμένους
1702 1163 1942 1221 certam
1989 1157 2227 1225 habere
2272 1164 2525 1244 possint

233 1244 636 1315 relationem.
753 1241 959 1319 Quam
1023 1242 1233 1307 inesse
1302 1243 1498 1308 etiam
1565 1247 1837 1324 propter
1901 1244 2061 1309 haec
2118 1247 2261 1329 ipsa
2324 1249 2524 1314 verba

242 1329 422 1394 ἀλλὰ
468 1351 609 1414 sqq.
655 1329 1087 1404 necessarium
1130 1328 1405 1409 videtur,
1452 1328 1740 1411 alioquin
1782 1348 2054 1411 prorsus
2095 1332 2265 1397 nude
2308 1335 2525 1417 posita

241 1416 357 1504 (cf.
400 1417 600 1481 etiam
642 1414 886 1485 Frohb.
930 1413 1079 1480 adn.
1124 1413 1209 1478 ad
1253 1414 1512 1495 locum).
1604 1413 1787 1491 Quod
1829 1416 1889 1480 si
1924 1418 2290 1494 statuimus,
2336 1421 2523 1486 nobis

235 1524 404 1569 nova
449 1523 526 1568 ac
572 1503 1002 1587 sagacissima,
1050 1520 1243 1584 quam
1287 1520 1493 1583 nuper
1512 1501 1874 1567 Fritschius
1902 1502 1945 1581 ¹)
1989 1507 2329 1586 proposuit
2371 1528 2523 1573 con-

231 1593 487 1675 jectura
531 1587 1028 1673 quascribatur
1068 1583 1166 1649 ἑνί
1205 1609 1290 1670 τῳ
1335 1584 1505 1665 λόγω
1546 1624 1638 1635 --
1697 1587 1739 1652 i.
1786 1608 1844 1652 e.
1887 1589 1988 1654 vel
2024 1610 2154 1656 uno
2197 1592 2392 1658 verbo
2436 1631 2524 1647 --

234 1676 504 1759 probari
547 1697 677 1741 non
718 1678 964 1757 potest3
1035 1693 1186 1737 nam
1245 1674 1340 1738 ita
1384 1671 1883 1739 deliberationes
1916 1674 2032 1741 ,de
2085 1677 2520 1744 innocentium

236 1761 451 1828 salute
494 1768 561 1827 et
604 1761 684 1826 de
710 1760 1107 1826 Theramene
1150 1779 1278 1825 non
1323 1761 1483 1825 satis
1514 1766 1816 1825 accurate
1851 1768 2282 1843 opponuntur.
2371 1766 2562 1849 Lip-‚

236 1849 374 1914 sius
415 1848 615 1931 igitur
655 1848 824 1912 viam
856 1845 1122 1927 invenit,
1168 1860 1296 1929 qua
1337 1845 1478 1914 loco
1523 1866 1670 1911 non.
1696 1852 2090 1913 commutato
2135 1852 2519 1916 sententiam

55 2020 67 2041 μ
124 2002 129 2007 ,
236 1933 418 2000 illam
438 1985 453 2015 ,
517 1954 713 2018 quam
740 1933 1185 1999 necessariam
1230 1952 1369 1998 esse
1433 1933 1811 2014 statuimus,
1891 1936 2136 2000 oratori
2199 1937 2521 2019 redderet,

240 2041 438 2104 quum
514 2021 776 2087 verbum
821 2042 906 2104 τῳ
950 2049 1034 2074 =
1082 2021 1202 2082 τίνι
1268 2039 1408 2084 esse
1472 2022 1755 2101 putaret.
1847 2017 2027 2096 Quae
2072 2021 2407 2088 Scheibius
2453 2030 2522 2090 et

235 2105 816 2172 Rauchensteinius
858 2104 944 2169 ad
986 2106 1155 2170 hanc
1195 2108 1637 2189 conjecturam·
1678 2105 2093 2171 refellendam
2138 2109 2518 2190 attulerunt,

239 2193 487 2258 satisne
528 2193 787 2258 valeant
809 2241 824 2271 ,
892 2191 1340 2256 dubitaverim.
1429 2190 1499 2256 Si
1559 2196 1774 2255 autem
1840 2193 1943 2256 cui
1987 2193 2070 2259 ob
2139 2194 2518 2262 alterutram

238 2299 536 2345 caussam
587 2279 695 2359 (cf.
742 2281 967 2362 supra)
1014 2276 1361 2362 rejicienda
1401 2277 1738 2358 videatur,
1783 2277 1913 2342 alia
1956 2279 2023 2343 in
2070 2287 2376 2363 promptu
2420 2288 2522 2348 est

235 2365 509 2434 medela.
640 2364 1034 2429 Sententiam
1108 2364 1277 2427 enim
1339 2363 1672 2429 fortiorem
1744 2363 2056 2430 habemus
2129 2367 2521 2434 scribentes:

237 2452 419 2525 ὅπως
474 2453 687 2514 τοίνυν
727 2451 813 2535 μὴ
875 2448 1230 2534 φανήσεται
1290 2449 1367 2512 ἐν
1408 2453 1496 2533 τῷ
1554 2448 1728 2535 λόγῳ
1789 2453 1941 2512 ποτὲ
2002 2462 2131 2526 τοῖς
2182 2457 2554 2536 τριάκοντά·

237 2537 739 2620 ἐναντιούμενος.
838 2536 938 2600 Ad
996 2557 1190 2619 quam
1252 2540 1689 2621 conjecturam
1753 2539 2324 2604 commendandam
2382 2564 2520 2607 mo-

237 2645 451 2704 neam,
493 2625 744 2690 litteras
779 2622 1175 2708 majusculas
1204 2626 1414 2688 nostri
1460 2621 1587 2687 loci
1608 2621 1724 2688 has
1767 2622 1900 2689 fere
1922 2627 2521 2692 ΛΟΓΟΓΟΤΕΤΟ

239 2712 517 2796 scriptas
560 2712 781 2789 fuisse,
820 2716 895 2776 ut
935 2713 1093 2773 ποτέ
1134 2709 1433 2775 facillime
1475 2732 1515 2775 a
1558 2709 1828 2775 librario
1873 2712 2086 2776 omitti
2127 2716 2431 2795 potuerit.

268 2814 281 2820 ’
412 2798 485 2862 In
534 2799 647 2878 eie,
694 2817 859 2880 quae
902 2798 1121 2861 statim
1169 2801 1545 2880 sequuntur,
1591 2795 1793 2860 codex
1836 2795 2066 2863 habet:
2113 2800 2306 2883 δῆλος
2347 2802 2522 2865 ἔσται

238 2884 334 2948 ὅτι
374 2883 590 2947 ἐκεῖνοί
658 2907 723 2946 τε
786 2881 955 2946 αὐτὰ
1014 2878 1071 2968 ᾦ
1132 2884 1377 2967 ἤρεσκε.
1463 2881 1646 2959 Quae
1703 2883 1932 2963 verba,
2008 2905 2205 2967 quum
2264 2882 2321 2971 ᾧ
2363 2889 2520 2971 quid

238 2970 633 3055 significaret
673 2968 961 3052 intellegi
1003 2989 1133 3034 non
1174 2973 1429 3051 posset,
1475 2969 1595 3033 viri
1640 2968 1815 3035 docti
1861 2990 2090 3035 sanare
2134 2972 2521 3039 studuerunt

237 3056 625 3123 scribentes:
669 3056 883 3119 ἐκεῖνά
919 3077 980 3118 za
1004 3053 1180 3144 αὐτῷ
1206 3092 1293 3103 —
1328 3054 1617 3135 Gentius,
1665 3054 2003 3136 Canterus,
2047 3057 2404 3125 Palmerius
2437 3098 2516 3108 —

234 3143 339 3210 vel
380 3142 597 3208 ἐκεῖνά
637 3166 700 3206 τε
743 3140 906 3205 αὐτὰ
953 3141 1148 3227 τούτῳ
1198 3179 1276 3191 -
1325 3140 1655 3207 Scheibius
1697 3179 1786 3190 -
1831 3142 1927 3206 vel
1971 3142 2189 3206 ἐκεῖνά
2236 3170 2300 3209 τε
2345 3146 2518 3211 αὐτοί

237 3226 300 3293 οἳ
350 3229 566 3314 ἤρεσκε
608 3266 691 3276 -
763 3228 1328 3306 Westermannus,
1432 3229 1843 3310 quaestiones
1921 3229 2101 3313 Lyss.
2167 3231 2279 3296 111.
2343 3234 2517 3318 Lips.

242 3320 433 3380 1854.
498 3337 560 3399 p.-
616 3319 714 3379 18.
822 3314 924 3378 Ex
993 3314 1227 3397 quibus
1293 3313 1570 3379 Scheibii
1638 3317 2005 3398 conjectura
2061 3317 2336 3385 fortasse
2367 3355 2374 3362 ·
2386 3324 2521 3405 jam

236 3423 382 3467 eam
429 3401 511 3467 ob
558 3421 851 3468 caussam
894 3398 1336 3466 addubitanda
1380 3405 1513 3480 est,
1590 3399 1762 3483 quod
1808 3401 2074 3467 verbum
2142 3405 2338 3492 τούτῳ
2394 3427 2522 3472 non

234 3489 481 3573 optime
547 3488 630 3553 ad
700 3508 813 3567 ea,
864 3508 1056 3571 ‚quae
1122 3487 1542 3567 antecedunt,
1620 3485 1811 3571 δῆλος
1869 3487 2041 3552 ἔσται
2106 3491 2517 3577 adjungatur.

236 3574 643 3658 Quamquam
690 3575 862 3638 enim
898 3594 1033 3648 ,non
1074 3573 1333 3655 ignoro,
1419 3573 1677 3656 Lysiam
1743 3572 1846 3640 h'io
1902 3574 2034 3642 illic
2093 3577 2172 3642 de
2217 3587 2522 3652 accusato

232 3662 334 3727 uti
378 3662 752 3745 pronomine
795 3654 995 3740 οὗτος,
1042 3659 1154 3724 ubi
1200 3657 1391 3733 αὐτὸς
1433 3658 1533 3725 vel
1578 3660 1775 3724 etiam
1821 3658 2010 3735 αὐτὸς
2053 3670 2524 3749 exspectamuS,

231 3749 301 3813 in
350 3754 572 3813 nostro
614 3750 755 3812 loeo
805 3745 936 3812 tale
980 3745 1133 3828 quid
1196 3746 1443 3811 oratori
1485 3750 1857 3831 conjectura
1915 3748 2152 3818 inferre
2197 3772 2277 3816 ne
2321 3752 2523 3817 auda-

233 3836 374 3900 cius
417 3835 504 3899 sit
561 3853 786 3899 vereor
817 3831 882 3918 ²).
971 3831 1502 3898 Westermannus
1570 3837 1789 3898 autem
1831 3840 2007 3899 recte
2072 3836 2228 3904 mihi
2271 3837 2525 3906 videtur

383 4033 435 4100 1)
470 4031 830 4101 Programma
866 4032 1229 4088 universitatis
1264 4030 1692 4087 Roetochiensis.
1734 4033 1890 4088 1866.
1929 4035 2232 4091 orationem
2268 4038 2375 4091 XII
2399 4056 2523 4094 cum

226 4103 675 4162 adnotationibus
705 4104 907 4159 criticis
942 4104 1244 4160 continens.

378 4176 433 4242 2)
464 4174 733 4244 Exempla
786 4175 944 4246 hujus
977 4192 1131 4246 usus,
1192 4192 1329 4245 quae
1364 4175 1581 4246 Lipsius
1629 4176 1694 4246 (1.
1726 4194 1777 4231 e.
1809 4194 1865 4247 p.
1906 4179 1973 4232 13
2014 4176 2165 4246 adn.)
2222 4179 2516 4248 congessit,

229 4247 495 4317 pleraque
532 4246 843 4316 genetivum
897 4248 1234 4317 pronominis
1283 4236 1434 4308 οὗτος
1468 4266 1536 4303 ex
1586 4249 1931 4304 substantivo
1984 4248 2316 4319 pendentem
2367 4267 2524 4318 prae-

227 4320 384 4373 bent.
460 4318 618 4385 Quod
652 4318 745 4373 vix
779 4335 907 4372 casu
943 4320 1205 4375 accidisse
1241 4324 1395 4388 pute,
1432 4337 1599 4389 quum
1638 4324 1914 4390 appareat,
1951 4320 2284 4389 genetivum,
2320 4321 2522 4390 quippe

225 4390 327 4459 qui
359 4405 460 4459 per
485 4405 546 4442 se
578 4393 853 4458 spectatus
886 4407 1015 4459 pars
1074 4391 1342 4446 enuntiati
1378 4408 1490 4445 non
1540 4392 1613 4445 sit
1627 4434 1641 4456 ,
1700 4410 1811 4446 nou
1847 4409 1912 4446 ea
1960 4391 2173 4445 ratione
2224 4392 2518 4460 offendere,

224 4480 337 4531 qua
368 4460 578 4515 formae
596 4462 934 4530 pronominis
965 4454 1114 4522 οὗτος
1146 4479 1216 4517 ex
1237 4463 1407 4518 verbo
1428 4467 1628 4518 rectae.
1697 4464 1848 4531 Quae
1861 4462 2256 4518 animadversio
2276 4462 2525 4517 firmatur

224 4550 306 4588 or.
326 4532 428 4595 111,
464 4534 535 4586 28
574 4532 672 4587 ubi
701 4536 902 4587 exstat:
941 4534 1079 4605 λέγει
1112 4535 1166 4587 δ’
1197 4533 1270 4594 ὦς
1296 4533 1453 4604 ἦμοῒν
1485 4533 1726 4603 ἤλθομεν
1749 4533 1836 4586 ἐπὶ
1869 4533 1956 4599 τὴν
1977 4532 2256 4598 οἷκίανιὴν
2290 4535 2521 4589 τούτου

228 4603 491 4673 ὄστρακον
539 4604 741 4674 ἔχοντες
773 4604 869 4657 καὶ
912 4603 984 4666 ὥς
1018 4604 1268 4671 ἠπείλουν
1316 4602 1487 4674 αὐτῷ
1544 4608 1651 4675 ἐγώ
1712 4604 2034 4661 ἀποκινεῖν.
2105 4606 2256 4660 Duos
2309 4609 2523 4662 tantum
