3200 5300
1304 351 1385 413 45

159 519 535 605 ἐτιμήσατο,
584 541 858 605 quocum
900 519 1035 585 τότε
1059 519 1571 606 conjungendum
1619 520 1724 602 sit,
1771 521 2102 604 temporis,
2148 520 2233 585 ad
2282 521 2454 605 quod

165 610 314 672 τότε
357 607 716 687 referatur,
758 607 935 674 notio
981 609 1118 673 erui
1161 613 1398 692 potest.
1491 605 1739 673 Deinde
1782 614 2032 688 autem,
2080 628 2273 692 quum
2318 610 2456 671 τότε

168 694 319 760 voci
362 696 483 757 νῦν
506 694 875 777 oppositum
920 703 1040 775 est,
1087 717 1241 760 num
1287 694 1693 761 enuntiatum
1718 715 1860 760 cum
1905 694 2113 777 priori
2157 695 2452 778 conjungi

169 785 246 846 et
293 779 370 843 δέ
419 778 739 863 particula
798 801 1019 848 carere
1074 789 1298 865 posset
1317 833 1331 862 ‚
1397 782 1836 864 maximopere
1896 779 2143 846 dubito.
2230 780 2452 865 Neque

164 888 327 934 vero
390 867 719 934 adsentiar
779 868 969 933 alteri
1033 867 1457 935 Scheibianae
1515 867 1668 934 nodi
1734 867 2021 934 solvendi
2080 867 2222 933 viae
2242 917 2258 947 ,
2325 881 2455 951 qua

166 953 438 1020 verbum
481 953 618 1018 τότε
661 956 727 1019 in
771 957 925 1018 ποτέ
968 961 1258 1037 mutetur
1278 1006 1294 1036 ‚
1339 959 1682 1039 praeterea
1725 959 1799 1020 ut
1844 954 1912 1019 in
1954 953 2155 1038 priori
2198 954 2455 1019 ratione

163 1040 516 1110 scribatur.
604 1040 765 1106 Pars
807 1042 972 1107 enim
1016 1062 1259 1122 eorum,
1306 1062 1471 1126 quae
1513 1040 1582 1105 in
1627 1040 1900 1105 alteram
1945 1039 2454 1106 emendationem

159 1127 345 1192 dicta
390 1132 559 1205 sunt,
607 1128 797 1193 etiam
844 1127 911 1193 in
935 1128 1102 1193 hanc
1144 1128 1363 1195 valent
1406 1148 1484 1194 ac
1525 1129 1912 1211 praesertim
1936 1126 2200 1194 verbum
2250 1124 2452 1191 abun·

161 1213 331 1278 dare
375 1213 648 1279 videtur.
739 1213 865 1280 Sed
909 1214 1090 1296 illud,
1138 1215 1311 1299 quod
1341 1213 1417 1278 δε·
1456 1213 1799 1298 particula,
1847 1234 1978 1298 qua
2021 1211 2452 1301 anacoluthon

142 1321 436 1384 prorsus
502 1298 776 1367 tollatur
794 1351 810 1382 ,
885 1321 1074 1386 aegre
1148 1302 1558 1367 desideretur
1585 1351 1599 1378 ‚
1671 1300 1952 1367 fortasse
2008 1299 2447 1366 Hermannum

161 1387 527 1470 Sauppium
587 1384 671 1451 ad
729 1391 1158 1473 conjecturam
1216 1387 1655 1454 felicissimam
1716 1386 2020 1472 adduxit,
2085 1393 2160 1452 ut
2202 1389 2445 1472 maj0re

26 1512 29 1531 :
158 1473 706 1558 interpunctionis
766 1473 948 1558 signo
1005 1475 1222 1558 posito
1293 1472 1636 1540 scriberet:
1700 1475 1768 1537 τὸ
1807 1470 1880 1536 δὲ
1940 1471 2163 1537 τούτου
2206 1475 2440 1537 τοίνυν.

157 1560 469 1625 Attamen
515 1560 897 1643 corruptelis
941 1560 1152 1627 locum
1205 1581 1471 1645 prorsus
1501 1558 1932 1626 liberantibus
1980 1559 2189 1639 nobis,
2234 1560 2329 1624 ita
2374 1567 2445 1623 ut

26 1660 27 1703 ἐ
158 1645 738 1711 Rauchensteinius
800 1648 989 1728 fecit,
1059 1647 1270 1713 altera
1333 1667 1529 1731 quam
1577 1645 2108 1712 Westermannus
2165 1643 2442 1729 protulit

158 1732 316 1797 huic
361 1732 792 1798 emendationi
835 1733 1132 1800 addenda
1175 1739 1295 1814 est,
1341 1754 1420 1799 ex
1465 1754 1592 1817 qua
1634 1753 1752 1817 pro
1797 1732 1993 1799 verbo
2037 1734 2250 1796 τοίνυν
2293 1734 2446 1797 scri·

162 1818 348 1884 bitur
393 1823 529 1884 νῦν.
616 1818 769 1885 Duo
829 1821 995 1886 enim
1043 1819 1287 1887 Calliae
1346 1820 1613 1885 minoris
1657 1820 1829 1887 vitae
1890 1826 2188 1903 tempora
2243 1839 2446 1903 oppo-

162 1911 433 1985 nuntur,
468 1904 743 1971 alterum
788 1916 976 1990 patre
1018 1913 1295 1988 mortun,
1342 1926 1471 1991 quo
1515 1905 1965 1972 divitissimum
2012 1927 2082 1972 se
2123 1904 2444 1986 habuerit,

161 2012 481 2074 praesens
546 1994 951 2075 paupertatis
1018 1994 1385 2078 patefactae
1421 1992 1749 2058 alterum.
1831 1991 1881 2069 ‚J
1882 2012 1984 2057 am
2052 2012 2204 2058 vero
2250 2013 2446 2076 quum

164 2096 300 2141 non
373 2098 630 2144 censum
683 2077 927 2144 Calliae
977 2079 1046 2144 in
1092 2080 1459 2146 universum
1480 2127 1496 2157 ‚
1567 2078 1680 2144 sed
1745 2084 2147 2161 praesentem
2186 2078 2444 2162 quidem

163 2164 656 2230 commemorari
682 2166 1103 2247 postulemus,
1146 2187 1270 2232 vox
1307 2168 1429 2230 νῦν
1467 2166 1839 2230 necessaria
1862 2170 1979 2247 est,
2026 2165 2188 2230 latet
2228 2170 2444 2230 autem

161 2250 230 2314 in
279 2252 475 2317 verbo
518 2252 731 2314 τοίνυν
761 2273 840 2317 ex
882 2251 1415 2323 antecedentibus
1440 2251 1611 2318 male
1656 2252 1952 2337 repetito.
2042 2250 2289 2330 Quibus
2332 2250 2444 2316 ab·

161 2336 397 2402 solutis
441 2336 524 2402 ad
549 2338 729 2420 prius
775 2341 1181 2405 enuntiatum
1204 2343 1314 2402 καὶ
1358 2337 1708 2402 διακοσίων
1748 2338 2080 2411 ταλάντων
2103 2337 2442 2422 ἐτιμήσατο

158 2423 238 2484 τα
279 2421 479 2487 αὑτοῦ·
523 2422 559 2486 ὃ
603 2422 882 2500 πάππος
937 2427 1351 2510 respicientes
1414 2431 1489 2491 ut
1541 2430 1838 2509 tempora
1882 2423 2127 2493 Galliae
2171 2424 2438 2491 minoris

159 2508 335 2575 vitae
379 2508 631 2574 diversa
675 2511 767 2575 ita
822 2512 1016 2577 etiam
1063 2511 1614 2597 Calliaemajoris
1661 2518 1728 2577 et
1767 2512 2032 2579 minoris
2076 2533 2215 2577 rem
2254 2511 2442 2577 fami-

158 2594 389 2661 liarem
435 2596 674 2680 optime
697 2596 910 2665 verbis
953 2601 1029 2663 τὰ
1057 2596 1254 2665 αὐτου
1298 2605 1366 2665 et
1406 2601 1475 2663 τὸ
1522 2597 1594 2663 δὲ
1617 2599 1844 2664 τούτου
1889 2602 2252 2685 oppositam
2300 2622 2439 2669 esse

154 2680 613 2764 intellegimus.
700 2683 930 2769 Itaque
974 2687 1336 2771 posteriore
1378 2687 1543 2766 loco,
1588 2692 1666 2751 ut
1707 2687 1991 2754 dubitari
2029 2710 2158 2753 non
2198 2695 2437 2773 potest,

167 2767 237 2830 τὸ
287 2765 360 2830 δὲ
403 2769 630 2832 τούτου
675 2771 915 2853 scripto
976 2777 1349 2858 conjectura
1404 2775 1480 2836 τοὶ
1545 2771 1745 2837 αὑτοῦ
1812 2775 2006 2863 etiam
2054 2795 2133 2841 ex
2180 2777 2434 2844 ratione

157 2852 501 2932 rhetorica,
547 2871 739 2938 quum
769 2856 995 2941 Lysias
1040 2858 1393 2925 antitheses
1439 2879 1518 2925 ex
1561 2860 1758 2926 rebus
1780 2860 1940 2944 ipsis
1985 2862 2239 2943 ductas]
2260 2872 2439 2930 amet

167 2939 271 3023 (cf.
317 2940 620 3022 Photius,
681 2943 819 3009 cod.
888 2965 951 3027 p.
1002 2945 1195 3033 262),
1262 2945 1699 3032 maximopere
1766 2949 2270 3016 commendatur.
2358 2950 2433 3015 In

158 3025 299 3093 loco
365 3032 583 3094 autem
643 3031 1127 3114 corruptissimo
1189 3031 1517 3098 lenissima
1585 3032 1865 3117 medela,
1933 3056 2100 3120 quae
2167 3036 2251 3103 ab
2310 3057 2436 3103 usu

159 3112 381 3179 Attico
425 3114 750 3197 recedant,
796 3116 1097 3183 tollentes
1141 3116 1345 3184 multo
1389 3117 1617 3185 melius
1661 3140 1852 3204 agere
1896 3121 2083 3188 nobis
2122 3123 2431 3205 videmur,

164 3219 359 3282 quam
404 3200 750 3267 artificiose
793 3203 1056 3270 insolita
1100 3204 1505 3271 sustinentes.
1594 3207 1690 3272 Ac
1751 3207 1943 3274 simili
1987 3209 2053 3274 in
2098 3230 2171 3273 re
2216 3211 2432 3277 Schei-

159 3282 329 3360 bius,
371 3285 968 3370 Rauchensteinius,
1016 3288 1298 3358 Cobetus
1341 3291 1713 3375 Emporium
1761 3294 1827 3360 in
1872 3315 1964 3364 or.
2005 3295 2196 3382 hujus
2242 3298 2298 3382 §-
2348 3300 2425 3363 31

162 3370 427 3454 φύλακα
474 3374 937 3459 κατεστήσαμεν
994 3376 1068 3442 ἓν
1124 3380 1198 3468 τῇ
1241 3377 1415 3459 οἰκίᾳ
1472 3398 1593 3462 pro
1658 3379 1924 3464 φύλακα
1968 3381 2431 3467 κατεστήσαμεν

169 3460 240 3547 τῇ
284 3457 459 3539 οἰκίᾳ
504 3459 890 3528 scribentem
939 3470 1113 3529 recte
1156 3464 1412 3549 sequuti
1457 3470 1625 3532 sunt.
