3200 5300
1527 440 1640 511 38⁴³

396 615 476 682 de
522 618 735 683 altera
775 625 924 684 utra
981 640 1051 684 re
1115 638 1326 685 sermo
1348 621 1499 705 est,
1570 614 2045 700 comparativus
2089 623 2469 702 usurpetur,
2548 638 2684 686 non·

395 703 490 767 ita
534 710 746 784 tenet,
821 711 895 772 ut
955 707 1360 789 exceptiones
1430 703 1800 768 rarissimae
1862 725 2017 768 sane
2075 704 2268 769 datae
2323 727 2458 771 non
2526 707 2698 771 sint:

398 788 582 866 Quod
630 795 821 856 etiam
866 793 935 857 in
976 792 1240 857 verbum
1285 794 1539 875 πρῶτον
1596 811 1716 873 pro
1780 791 2087 874 πρότερον
2145 794 2523 875 usurpatum
2563 810 2676 857 ‘ca-

396 875 512 940 dit.
602 877 762 942 Nam
807 882 1072 962 poetae,
1143 879 1486 962 praecipue
1531 875 1879 955 HomeruS,
1948 878 2061 943 sed
2116 879 2311 944 etiam
2352 881 2548 944 Attici
2590 908 2690 927 ⁶—-

399 961 747 1045 Sophocles
792 972 857 1029 et
899 966 1367 1048 Aristophanes
1411 996 1495 1013 -—-
1541 982 2017 1046 nonnumquam
2061 969 2313 1044 πρῶτον
2352 965 2443 1031 ibi
2489 962 2680 1031 adhi-'

398 1047 576 1130 bent,
622 1050 1090 1136 ubinqo‘wqov
1135 1058 1596 1135 exspectamus.
1643 1076 1648 1083 ·
1688 1050 1762 1114 Il.
1807 1048 1979 1130 XIII,
2030 1055 2153 1119 502
2196 1051 2680 1117 de‘certamine

396 1135 711 1218 singulari
761 1137 1028 1221 legitur:
1097 1139 1364 1212 Αἰνείας
1410 1135 1482 1199 δὲ
1526 1138 1771 1217 πρῶτος
1816 1135 2144 1200 α’κόντισεν
2179 1135 2552 1222 Ἰδομενῆος.
2599 1136 2679 1202 cf.

393 1220 622 1302 XVIII,
675 1228 776 1288 922
821 1222 1016 1308 Soph.
1066 1224 1285 1308 Antig.
1331 1246 1389 1288 v.
1446 1226 1630 1287 1348.
1679 1221 1903 1307 πολλῷ·
1946 1224 2014 1286 τὸ
2063 1235 2329 1308 φρονεῖν
2368 1224 2668 1307 εὔδαιμο-

397 1310 540 1382 νίας
585 1314 837 1391 πρῶτον
881 1311 1173 1394 ὑπάρχει.
1263 1311 1416 1375 Aias
1472 1311 1842 1374 los-110:
1931 1313 2086 1388 πρὶν
2127 1313 2211 1373 ἄν
2255 1311 2474 1387 δεθεὶς
2518 1312 2678 1394 πρὸς

398 1394 553 1458 κίον’
595 1393 837 1480 ἑρκείου
883 1401 1095 1482 στέγης
1142 1436 1225 1446 --
1266 1398 1517 1479 μάστιγι
1562 1396 1816 1477 πρῶτον
1859 1399 2029 1459 νῶτα
2074 1401 2435 1480 φοινιχθεὶς
2479 1399 2679 1484 φανῆ.

396 1480 619 1565 Neque
662 1503 790 1549 non
833 1486 1154 1550 invenitur
1200 1484 1373 1568 apud
1398 1483 1807 1565 flposterioris
1862 1483 2094 1548 aetatis
2139 1487 2505 1568 scriptores.
2593 1484 2675 1549 ef.

395 1566 604 1634 Schol.
652 1570 735 1635 ad
780 1570 980 1636 Arist.
1027 1568 1223 1636 nubb.
1270 1592 1328 1636 v.
1384 1574 1540 1633 552:
1613 1572 1863 1653 πρῶτος
1906 1568 1940 1631 ὁ
1987 1574 2298 1653 Μαρικᾶς
2353 1570 2676 1655 ἐδιδάχθη

397 1657 520 1717 τῶν
585 1654 893 1739 δευτέρων
961 1659 1291 1742 Νεφελῶν.
1377 1656 1720 1735 Plutarch,
1798 1654 1959 1721 Cato
2019 1657 2226 1722 minor
2261 1679 2355 1745 p.
2421 1663 2541 1722 767
2592 1657 2672 1723 O:

396 1740 537 1803 οὔτε
579 1765 670 1816 τις
714 1747 963 1827 πρῶτος
1030 1742 1257 1828 α’νέστη
1303 1747 1627 1816 Κάτωνος.
1718 1741 2080 1808 Heraclitus
2125 1743 2443 1825 Ephesius
2504 1744 2674 1828 apud

396 1825 788 1894 Clementem
835 1830 1016 1899 Alex.
1063 1852 1125 1913 p.
1175 1832 1297 1894 712
1345 1833 1598 1912 πρῶτον
1642 1824 1720 1912 ἦν
1762 1830 1803 1913 ἢ
1842 1832 2145 1910 γενέσθαι
2188 1832 2267 1915 γῆ
2290 1832 2369 1915 ¹).
2458 1831 2676 1915 Atque

395 1934 581 1978 usum
628 1921 760 1980 tam
807 1916 1077 1982 liberum
1125 1916 1385 2001 optimis
1431 1914 2021 1998 scriptoribusnon
2066 1916 2259 1980 fuisse
2305 1937 2674 1995 concessum

403 2002 823 2068 statuendum
869 2005 1122 2069 videtur
1168 2024 1377 2085 neque
1422 2003 1721 2085 vestigia,
1791 2020 1955 2084 quae
2002 2006 2258 2084 πρῶτον
2299 2009 2665 2088 Ρτοπρότε-

391 2105 507 2167 ρον
552 2106 694 2152 cum
740 2089 1032 2171 genetivo
1075 2090 1389 2173 praebent
1431 2122 1520 2136 —
1586 2087 1898 2153 Herodot.
1946 2088 2025 2167 ΙΙ,
2074 2091 2111 2151 2
2150 2092 2284 2174 Jam
2329 2091 2672 2156 ¹Wesselin·

394 2172 532 2256 gius
578 2174 867 2257 πρώτους
908 2179 1215 2255 γενέσθαι
1263 2175 1521 2239 πάντων
1566 2172 1947 2258 ἀνθρώπων
1991 2181 2164 2241 recte
2192 2177 2387 2240 vertit
2429 2180 2669 2259 primos

392 2260 673 2324 omnium
729 2261 1051 2329 hominum
1108 2301 1171 2312 —
1225 2283 1434 2344 neque
1491 2261 1687 2342 talia,
1747 2262 1939 2343 quale
1980 2261 2047 2325 in
2093 2260 2440 2328 Clementis
2488 2263 2672 2329 Alex.

391 2344 532 2410 loco
600 2347 988 2431 invenimus,
1049 2350 1117 2415 in
1162 2351 1253 2415 eis
1322 2354 1597 2414 exstant.
1713 2346 1838 2412 Sed
1884 2348 1989 2412 vix
2055 2349 2347 2429 credam,
2408 2371 2544 2414 eam
2587 2350 2689 2415 ob·

389 2450 678 2497 caussam
700 2436 895 2500 etiam
919 2443 1208 2501 nostrum
1251 2434 1458 2500 locum
1484 2433 1854 2516 corruptela
1885 2433 2199 2499 laborare.
2290 2435 2527 2501 Notum
2571 2442 2684 2521 est¹

392 2518 559 2583 enim
581 2571 595 2600 ,
650 2521 905 2605 Lysiam
953 2520 1288 2589 sermonen
1333 2522 1681 2599 usitatum,
1738 2541 1930 2603 quem
1975 2521 2133 2585 talia
2178 2527 2463 2588 servasse
2508 2525 2669 2588 satis

391 2606 732 2673 verisimile
757 2609 860 2689 sit,
908 2610 975 2675 in
1020 2607 1420 2675 orationibus
1451 2608 1585 2673 suis
1613 2627 1691 2673 ac
1732 2608 2076 2691 praecipue
2098 2609 2166 2673 in
2188 2610 2667 2676 narrationibus

392 2711 585 2775 quam
632 2697 906 2761 maxime
971 2697 1292 2762 imitatum
1345 2716 1502 2761 esse.
1596 2692 1736 2771 Qua
1801 2707 1871 2759 re
1914 2694 2235 2759 Blassium
2282 2706 2669 2763 commotum

391 2798 532 2844 esse
576 2788 756 2864 pute,
801 2790 875 2849 ut
916 2783 1180 2849 verbum
1225 2784 1292 2846 in
1339 2780 1720 2864 explicanda
1748 2780 1933 2866 hujus
1978 2781 2229 2864 periodi
2276 2785 2669 2849 inconcinni-

384 2869 543 2946 tate,
592 2889 756 2952 quae
788 2869 1041 2950 dicitur,
1088 2870 1273 2954 (l.c.)·
1306 2872 1635 2933 retineret.
1723 2867 1867 2932 Jam
1889 2870 2394 2952 conjunctionem
2441 2871 2669 2936 verbo·
2764 2930 2768 2934 .

388 2972 528 3017 rum
598 2955 906 3038 πρότερον
977 2959 1134 3038 πρίν
1188 2954 1409 3039 paullo
1474 2957 1836 3019 accuratius
1898 2958 2405 3037 contemplantes
2461 2959 2665 3022 ‘aliam

388 3038 549 3123 legis
596 3040 827 3111 ‘laesae
895 3043 1367 3108 excusationem
1430 3042 1842 3106 inveniemus.
1935 3040 2197 3123 Graeci,
2265 3051 2459 3126 quum
2518 3050 2668 3128 post

387 3127 696 3212 πρότερον
723 3128 985 3194 verbum
1030 3130 1070 3213 ἢ
1113 3130 1356 3194 evitare
1379 3128 1646 3206 soleant,
1690 3125 1904 3192 verbis
1933 3129 2243 3210 πρότερον
2272 3131 2425 3212 πρίν
2468 3133 2667 3214 signi-

387 3211 685 3280 ficatione
734 3217 949 3299 »prius
996 3231 1227 3299 quam«
1276 3215 1369 3279 ita
1413 3216 1509 3279 uti
1532 3214 1767 3287 solent,
1817 3221 1890 3277 ut
1932 3214 2418 3280 correlationem
2462 3237 2668 3300 quan-

388 3297 537 3364 dam
582 3304 961 3385 exprimant.
1052 3303 1339 3368 Eandem
1401 3307 1619 3367 autem
1683 3300 2009 3366 notionem
2076 3301 2208 3368 fere
2269 3301 2468 3368 habet
2529 3305 2667 3384 sola

388 3405 511 3451 vox
576 3390 747 3472 πρίν.
836 3391 936 3455 Ac
998 3390 1376 3474 plerumque
1441 3388 1700 3471 quidem
1763 3387 2026 3453 verbum
2096 3391 2281 3470 πρίν,
2352 3389 2462 3470 ubi
2524 3412 2665 3455 cum

387 3478 703 3557 πρότερον
748 3480 1154 3559 conjunctum
1203 3484 1333 3554 est,
1397 3475 1623 3539 modus
1669 3474 2051 3538 indicativus
2097 3511 2183 3521 —
2221 3476 2327 3539 'vel
2368 3480 2665 3561 conjunc·

384 3559 552 3626 tivus
574 3611 588 3640 ‚
653 3563 976 3645 optativus
1020 3597 1110 3611 -
1150 3561 1351 3625 multo
1410 3562 1622 3625 rarius
1684 3566 1898 3625 autem
1959 3559 2307 3626 infinitivus
2353 3565 2664 3645 sequitur.

379 3646 457 3710 Id
518 3648 689 3731 quod
738 3648 996 3714 minime
1057 3648 1287 3712 mirum
1341 3647 1593 3712 videtur
1657 3665 1814 3711 esse.
1903 3646 2032 3711 Ubi
2099 3651 2264 3713 enim
2323 3651 2477 3732 πρίν
2519 3672 2662 3730 cum

385 3732 734 3800 indicativo
789 3773 856 3784 —
909 3738 1068 3819 conj.
1119 3738 1251 3817 opt.
1300 3773 1379 3781 —
1426 3737 1834 3817 conjunctum
1879 3733 2253 3814 invenimuS,
2298 3734 2424 3800 duo
2471 3737 2665 3801 habe-

385 3840 525 3885 mus
591 3823 927 3888 enuntiat-a
986 3821 1273 3904 duasque
1332 3839 1436 3886 res
1499 3840 1665 3902 quae
1724 3819 1941 3903 aliqua
1995 3821 2306 3904 temporis
2350 3821 2664 3888 relatione

388 3907 817 3973 continentur.
912 3906 1106 3992 Cujus
1163 3908 1255 3970 rei
1300 3912 1374 3970 ut
1416 3906 1483 3971 in
1544 3914 1817 3988 utraque
1875 3910 2061 3990 parte
2122 3908 2428 3973 indicium
2473 3909 2684 3989 adsit‚‘

384 3994 696 4076 πρότερον
735 3994 1079 4078 plurimum
1123 3994 1185 4057 in
1236 3992 1501 4076 apodosi
1545 3991 1831 4057 additum
1882 3998 1999 4056 est.
2087 3992 2157 4078 Si
2200 3998 2415 4060 autem
2462 4015 2664 4061 enun-

389 4078 633 4144 tiatum
666 4081 1180 4159 consideramus,
1246 4080 1367 4144 cui.
1396 4082 1549 4162 πρίν
1607 4098 1747 4142 cum
1808 4078 2122 4144 infinitivo
2184 4081 2661 4163 insertumest,

392 4166 900 4251 conjunctionem
942 4169 1009 4231 in
1055 4166 1553 4250 praepositionis
1578 4170 1880 4230 naturam
1927 4165 2204 4249 quodam
2249 4167 2438 4232 modo
2484 4168 2678 4234 abire

388 4251 529 4333 quis
562 4252 753 4317 dicat.
842 4253 986 4319 Una
1014 4254 1196 4335 quasi
1220 4255 1390 4317 actio
1417 4252 1645 4317 adesse
1668 4252 1854 4317 nobis
1877 4253 2154 4333 videtur,
2203 4256 2380 4337 cujus
2406 4259 2661 4337 tempus

381 4337 691 4404 infinitivo
718 4359 860 4404 cum
906 4342 1059 4424 πρίν
1101 4339 1322 4405 addito
1347 4337 1724 4426 simpliciter
1768 4337 2088 4404 definitur.
2179 4338 2465 4432 Quocum
2511 4362 2660 4418 con-

532 4532 585 4600 1)
602 4507 756 4588 ’Loci
790 4551 925 4604 quos
962 4533 1400 4604 attuli-plerique
1436 4532 1656 4588 collecti
1691 4534 1818 4586 sunt
1853 4499 1890 4586 a
1920 4517 2253 4601 Musgravio',
2293 4501 2462 4606 Soph.
2482 4537 2682 4603 tragg..

384 4601 579 4658 Oxonii
619 4607 772 4660 1800.
810 4609 861 4662 8.
898 4607 999 4662 Bd.
1039 4607 1083 4663 L
1126 4624 1183 4676 p.
1220 4608 1356 4676 552,
1392 4622 1552 4674 quem
1590 4604 1660 4659 cf.
2133 4637 2139 4646 ·

2124 4694 2161 4755 3
