3200 5300
1418 368 1421 369 *
1516 393 1627 457 ‘24

444 557 594 623 will.
684 556 873 623 Doch
940 554 1268 640 empfiehlt
1333 554 1471 623 sich
1527 557 1809 643 Kaysers
1876 558 1950 621 ἓν
2005 567 2132 631 τοῖς
2192 556 2412 636 λόγοις
2457 556 2541 639 ‚in
2599 557 2725 622 den

445 639 1029 726 Verhandlungen,
1098 640 1216 724 vgl.
1263 643 1318 725 ξ.
1368 646 1470 707 25.
1562 645 1745 711 Hanc
1783 643 2305 713 Rauchensteinii
2350 643 2723 727 explicatio-

443 750 589 794 nem
632 749 761 794 non
805 734 980 794 recte
1038 749 1106 793 se
1151 727 1392 793 habere
1435 732 1675 812 optime
1722 731 2015 813 exposuit
2056 731 2312 813 Lipsius
2342 730 2392 814 ¹)
2453 730 2725 815 acsori·

376 836 379 839 ·
443 815 599 880 bere
642 815 977 898 proposuit
1020 813 1093 877 ἐν
1136 835 1219 898 τῳ
1266 812 1454 900 λόγῳ.
1544 815 1707 882 Tum
1752 816 2010 900 quidem
2055 814 2447 881 Rauchenst.
2495 814 2725 900 (Jahns

445 900 718 966 Jahrbb.
763 900 885 969 vol.
935 906 1037 980 91,
1083 922 1144 982 p.
1196 899 1352 984 607)
1418 902 1621 969 verba
1663 902 1737 966 ἐν
1800 906 1884 989 τῷ
1941 902 2110 986 λόγῳ
2177 923 2305 967 non
2368 901 2573 966 solum
2641 900 2724 965 ad

447 987 801 1052 orationem
849 987 930 1052 de
974 987 1277 1050 metoecis
1323 986 1613 1055 habitam
1659 987 1889 1053 referri
1945 1009 2136 1072 posse
2196 988 2542 1066 concessit,
2614 986 2725 1051 sed

445 1073 648 1155 Lipsii
693 1072 766 1136 ἓν
808 1096 893 1159 τῳ
941 1072 1110 1150 λόγω
1157 1092 1285 1136 11011
1344 1073 1500 1139 satis
1552 1074 1768 1139 ‘valide
1832 1074 2075 1141 dictum
2138 1095 2279 1151 esse
2340 1078 2537 1156 atque
2602 1072 2728 1137 nisi

445 1159 642 1225 verba
686 1159 830 1241 ipsa
872 1158 943 1222 ἐν
986 1181 1070 1245 τῳ
1116 1157 1288 1243 λόγῳ
1335 1159 1696 1242 significare
1740 1166 2003 1244 possent
2065 1159 2212 1240 „bei
2239 1158 2402 1223 dem
2448 1158 2728 1224 debatti-

445 1248 608 1310 ren“
649 1245 1012 1329 Kayserum
1052 1244 1295 1326 optime
1360 1249 1706 1329 conjecisse
1749 1250 1958 1330 putat.
2048 1248 2141 1311 Ac
2186 1244 2519 1311 Scheibius
2563 1265 2727 1327 quo-

446 1352 572 1414 que
615 1330 930 1416 (Zarnke,
974 1331 1069 1397 lit.
1120 1329 1553 1398 Centralblatt
1596 1335 1766 1399 1865
1810 1333 1929 1398 No.
1984 1331 2117 1418 19.)
2160 1330 2360 1414 Lipsii
2408 1335 2728 1416 conjectu-

445 1438 587 1482 ram
631 1416 785 1482 ferri
827 1438 955 1482 non
997 1437 1187 1501 posse
1234 1418 1467 1482 statuit
1527 1439 1737 1502 neque
1777 1417 1993 1484 locum
2051 1417 2517 1482 emendationis
2562 1416 2728 1481 indi-

444 1524 595 1586 gere
617 1553 632 1582 ,
716 1504 770 1568 si
814 1502 1071 1586 quidem
1117 1503 1245 1567 alia
1283 1504 1536 1570 ratione
1592 1526 1670 1570 ac
1711 1504 2287 1570 Rauchensteinius
2329 1542 2415 1551 —
2486 1503 2731 1568 scilicet

443 1590 513 1654 in
560 1588 659 1655 ed.
703 1588 794 1654 IV
843 1627 919 1637 —
984 1587 1137 1654 fecit
1183 1589 1593 1671 explicamus,
1683 1589 2168 1672 Frohbergerus
2229 1610 2395 1656 unus
2440 1588 2729 1674 adstipu-

441 1675 619 1740 latur
660 1675 902 1759 Lipsio.
990 1674 1137 1738 Jam
1181 1694 1333 1741 vero
1379 1675 1460 1741 de
1504 1676 2048 1759 Rauchensteinii,
2095 1696 2291 1759 quam
2334 1676 2402 1739 in
2446 1674 2728 1740 editione

444 1761 755 1844 protulit,
825 1761 1181 1841 sententia,
1248 1782 1444 1844 quum
1489 1765 1632 1847 ipse
1679 1784 1821 1827 eam
1865 1783 1993 1827 non
2057 1761 2351 1827 sufficere
2394 1764 2578 1825 ‘ratus
2624 1762 2729 1842 sit,

443 1848 670 1913 breves
739 1868 879 1913 esse
944 1868 1298 1929 possumus.
1391 1849 1618 1934 Lysias
1681 1850 1783 1914 his
1851 1849 2059 1914 verbis
2104 1845 2597 1912 Eratosthenem
2663 1848 2731 1911 in

443 1933 624 1999 XXX
678 1933 959 1999 virorum
1004 1938 1229 1998 senatu
1292 1934 1641 2017 aliquando
1712 1941 1939 1999 contra
1983 1934 2221 1999 dixisse
2280 1932 2544 1998 indicat.
2631 1932 2732 1999 Ex

447 2020 682 2104 Lysiae
752 2020 952 2102 igitur
1011 2039 1220 2102 neque
1292 2040 1370 2084 ex
1415 2021 1865 2086 Eratosthenis
1931 2019 2250 2086 sententia
2315 2019 2491 2085 dicta
2527 2025 2726 2089 sunt.

383 2188 387 2193 .
443 2106 593 2171 Jam
636 2127 832 2190 quum
875 2106 1183 2171 metoecis
1227 2105 1725 2172 Eratosthenem
1784 2127 1928 2172 sua
1999 2110 2301 2189 sponte
2347 2105 2575 2169 mortis
2619 2127 2732 2171 au-

444 2196 690 2258 ctorem
753 2191 994 2257 factum
1063 2210 1204 2257 esse
1271 2198 1492 2258 orator
1560 2195 1616 2276 §.
1666 2197 1746 2256 25
1797 2214 1937 2277 sqq.
2012 2191 2579 2269 demonstraverit,
2648 2191 2732 2256 ad

443 2278 610 2343 hanc
684 2277 1216 2343 deliberationem
1274 2278 1474 2344 verba
1539 2279 1768 2344 referri
1829 2298 1959 2343 non
2001 2283 2290 2361 possunt.
2382 2277 2730 2342 Praeterea

447 2370 664 2429 autem
708 2365 833 2429 hac
871 2369 1014 2429 tota
1060 2364 1369 2429 orationis
1413 2369 1602 2447 parte
1648 2386 1778 2430 non
1821 2365 1901 2429 de
1965 2384 2192 2430 caussa
2232 2365 2413 2446 ipsa,
2491 2363 2603 2429 sed
2651 2364 2731 2429 de
2781 2368 2786 2373 ’

446 2451 734 2516 accusati
779 2453 1043 2535 ejusque
1088 2450 1383 2517 factionis
1430 2452 1626 2518 rebus
1654 2452 1723 2516 in
1768 2452 2130 2516 universum
2180 2452 2411 2533 agitur,
2457 2454 2531 2514 ut
2573 2449 2733 2515 haec

445 2556 711 2603 caussae
755 2538 1275 2605 commemoratio
1321 2538 1478 2603 satis
1537 2538 1813 2603 obscura
1861 2538 1961 2603 sit.
2052 2538 2334 2620 Propter
2391 2536 2571 2619 prius
2614 2557 2732 2600 au-

443 2630 574 2689 tem
618 2628 1065 2708 argumentum
1111 2643 1220 2705 ea,
1298 2644 1426 2707 qua
1471 2622 2048 2692 Rauchensteinius
2115 2623 2505 2692 sententiam
2551 2643 2733 2687 suam

446 2712 745 2791 correxit,
793 2711 961 2775 ratio
1005 2731 1133 2774 non
1179 2709 1470 2776 sufficere
1499 2711 1770 2777 videtur.
1861 2711 2026 2775 Nam
2070 2709 2268 2775 verba
2310 2708 2383 2772 ἓν
2425 2712 2512 2795 τῷ
2559 2707 2730 2795 λόγῳ

446 2798 701 2862 0111111110
745 2818 877 2862 11011
919 2796 1004 2861 ad
1048 2796 1499 2862 Eratosthenis
1567 2818 1867 2862 caussam
1932 2797 2260 2879 pertinere
2305 2801 2577 2878 possunt
2622 2816 2733 2864 ne-

446 2904 572 2967 que
616 2903 784 2965 ver0,
829 2887 906 2949 ut
946 2882 1149 2949 verba
1190 2886 1350 2967 χρῆν
1394 2881 1455 2946 δ’
1497 2882 1805 2949 αὐτὸν...
1853 2882 2020 2963 ἔχειν
2060 2881 2312 2962 docent,
2365 2881 2449 2945 ad
2493 2881 2734 2947 similes

443 2970 674 3036 civium
717 2970 1150 3036 innocentium
1170 3019 1185 3050 ,
1253 2969 1335 3035 ad
1382 2989 1543 3052 quas
1580 2969 1785 3035 ‘verba
1830 2969 2019 3035 modo
2079 2968 2280 3032 allata
2324 2974 2520 3050 atque
2566 2988 2733 3051 quae

450 3054 842 3123 antecedunt
884 3054 980 3120 ὅτι
1023 3054 1242 3119 ἐκεῖνοί
1278 3079 1341 3119 τε
1399 3054 1567 3121 αὐτά
1628 3054 1692 3119 οὶ·
1733 3055 1954 3141 ἤρεσκε
1996 3053 2398 3135 referuntur,
2445 3074 2730 3122 caussas.

444 3142 591 3208 Jam
636 3163 786 3210 vero
833 3143 1203 3227 quaeritur,
1268 3165 1422 3207 num
1461 3143 1662 3210 verba
1704 3141 1777 3205 ἓν
1819 3145 1905 3228 τῷ
1951 3141 2120 3227 λόγῳ
2167 3141 2423 3206 omnino
2467 3141 2733 3206 retineri

443 3228 713 3313 possint.
806 3229 905 3295 Ac
949 3233 1193 3308 restat,
1258 3233 1571 3310 quantum
1618 3228 1913 3310 equidem
1959 3227 2144 3292 video
2166 3277 2181 3308 ,
2246 3248 2373 3292 una
2411 3227 2733 3309 interpre-

442 3314 630 3380 tandi
673 3316 794 3396 via,
840 3334 1035 3398 quam
1076 3313 1467 3379 Rauchenst.
1511 3314 1721 3378 verbis
1771 3313 1984 3393 „beim
2029 3313 2438 3378 debattiren“
2485 3314 2733 3378 indicat

444 3421 525 3468 ac
569 3399 900 3467 Scheibius
942 3400 1162 3465 iniisse
1204 3399 1489 3482 videtur,
1552 3419 1683 3482 qua
1725 3399 1894 3485 λόγῳ
1940 3398 2023 3463 ad
2067 3397 2248 3464 XXX
2288 3398 2575 3464 virorum
2620 3401 2733 3466 de·

444 3487 862 3554 liberationes
928 3487 992 3552 in
1057 3487 1424 3553 universum
1488 3486 1790 3551 refertur.
1880 3484 2460 3550 Rauchensteinius
2516 3490 2730 3551 autem

444 3574 616 3657 ipse,
689 3594 889 3656 quum
931 3572 1106 3637 dicat
1151 3571 1340 3654 „falls
1385 3572 1458 3634 ἐν
1500 3575 1587 3657 τῷ
1633 3570 1808 3656 λόγῳ
1855 3573 2034 3637 nicht
2078 3570 2445 3655 uberhaupt
2488 3571 2731 3638 bedeu-

350 3733 355 3737 ,
445 3665 558 3724 ten
616 3658 859 3725 konnte
931 3658 1146 3739 „beim
1191 3657 1599 3724 debattiren“
1650 3657 1944 3738 dubitat,
2007 3678 2159 3721 num
2202 3657 2363 3722 haec
2406 3658 2586 3724 notio
2630 3660 2730 3724 in-

451 3765 593 3811 esse
637 3746 860 3829 possit,
901 3765 1113 3828 neque
1156 3745 1388 3825 locum,
1432 3745 1500 3809 in
1550 3765 1678 3828 quo
1718 3744 1986 3820 verbum
2009 3739 2304 3810 similiter
2347 3750 2729 3828 usurpatum

446 3831 551 3914 sit,
596 3832 883 3897 invenire
927 3832 1130 3913 potui.
1219 3831 1396 3909 Quae
1439 3830 1822 3915 significatio
1867 3831 1924 3895 si
1964 3832 2034 3896 in
2076 3829 2277 3895 verbo
2319 3850 2439 3913 per
2473 3851 2542 3897 se
2588 3853 2731 3914 spe·

448 3921 626 3983 ctato
669 3919 878 3984 inesse
922 3919 1145 4001 possit,
1192 3939 1345 3984 num
1389 3919 1458 3982 in
1499 3917 1711 3983 locum
1756 3917 2053 4000 quadret,
2099 3916 2453 3999 quaeritur.
2544 3916 2728 3995 Quod

444 4024 628 4088 nego.
717 4004 829 4070 Eis
873 4006 1038 4069 e‘nim
1084 4026 1250 4088 quae
1294 4009 1651 4089 sequuntur
1692 4006 1853 4089 χρῆν
1893 4003 1966 4065 δὲ
2016 4052 2030 4067 .
2061 4053 2075 4066 .
2106 4052 2120 4067 .
2167 4001 2543 4087 ἐξήμαρτεν,
2592 4004 2731 4088 qui·

445 4091 568 4157 bus
636 4097 856 4157 orator
897 4091 1392 4155 Eratosthenem
1453 4111 1524 4155 re
1588 4111 1742 4154 vera
1808 4088 2000 4153 semel
2064 4109 2139 4156 ac
2203 4088 2271 4152 in
2316 4089 2731 4155 Theramenis

449 4179 705 4262 quidem
751 4198 986 4245 caussa
1027 4177 1206 4242 XXX
1250 4178 1530 4244 virorum
1589 4176 1877 4243 consiliis
1921 4196 1990 4241 se
2048 4175 2424 4258 opposuisse
2468 4176 2729 4257 indicet,
2812 4231 2820 4238 .

595 4372 645 4442 1)
681 4373 968 4443 Specimen
1001 4373 1381 4444 quaestionum
1415 4373 1572 4443 Lyss.
1607 4372 1672 4427 A.
1708 4372 1930 4428 Nobbio
1986 4372 2207 4426 nomine
2243 4371 2462 4428 scholae
2494 4375 2545 4431 N
2547 4375 2729 4432 icolai—

444 4449 605 4499 tanae
641 4444 713 4502 ad
748 4445 1010 4501 solemnia
1043 4445 1480 4501 semisaecularia
1514 4444 1847 4500 celebranda
1880 4442 2215 4499 dedicatam.
2287 4444 2438 4514 Lips.
2479 4449 2636 4503 1865.
2672 4466 2729 4518 p.

445 4519 512 4577 17
550 4533 632 4583 sq.
