<?xml version="1.0" encoding="UTF-8"?>
<!DOCTYPE html PUBLIC "-//W3C//DTD XHTML 1.0 Transitional//EN"
    "http://www.w3.org/TR/xhtml1/DTD/xhtml1-transitional.dtd">
<html xmlns="http://www.w3.org/1999/xhtml" xml:lang="en" lang="en">
 <head>
  <title>
</title>
<meta http-equiv="Content-Type" content="text/html;charset=utf-8" />
  <meta name='ocr-system' content='tesseract 3.04.00' />
  <meta name='ocr-capabilities' content='ocr_page ocr_carea ocr_par ocr_line ocrx_word'/>
</head>
<body>
  <div class='ocr_page' id='page_1' title='image "./commentationuml00renngoog_0032.png"; bbox 0 0 3200 5300; ppageno 0'>
   <div class='ocr_carea' id='block_1_1' title="bbox 1556 430 1641 493">
    <p class='ocr_par' dir='ltr' id='par_1_1' title="bbox 1556 430 1641 493">
     <span class='ocr_line' id='line_1_1' title="bbox 1556 430 1641 493; baseline 0.012 -1"><span class='ocrx_word' id='word_1_1' title='bbox 1556 430 1641 493; x_wconf 85' lang='lat'>28</span> 
     </span>
    </p>
   </div>
   <div class='ocr_carea' id='block_1_2' title="bbox 504 590 2786 1366">
    <p class='ocr_par' dir='ltr' id='par_1_2' title="bbox 504 590 2786 1366">
     <span class='ocr_line' id='line_1_2' title="bbox 504 590 2784 677; baseline 0 -20"><span class='ocrx_word' id='word_1_2' title='bbox 504 590 880 677; x_wconf 81' lang='lat' dir='ltr'>significatio</span> <span class='ocrx_word' id='word_1_3' title='bbox 924 613 1076 657; x_wconf 89' lang='lat' dir='ltr'>num</span> <span class='ocrx_word' id='word_1_4' title='bbox 1120 592 1186 665; x_wconf 83' lang='lat' dir='ltr'>in</span> <span class='ocrx_word' id='word_1_5' title='bbox 1248 593 1448 659; x_wconf 86' lang='lat' dir='ltr'>verbo</span> <span class='ocrx_word' id='word_1_6' title='bbox 1488 594 1716 661; x_wconf 78' lang='lat' dir='ltr'>inesse</span> <span class='ocrx_word' id='word_1_7' title='bbox 1775 595 1983 677; x_wconf 85' lang='lat' dir='ltr'>possit</span> <span class='ocrx_word' id='word_1_8' title='bbox 2038 593 2475 677; x_wconf 80' lang='lat' dir='ltr'>maximopere</span> <span class='ocrx_word' id='word_1_9' title='bbox 2516 592 2784 674; x_wconf 78' lang='lat' dir='ltr'>dubit03</span> 
     </span>
     <span class='ocr_line' id='line_1_3' title="bbox 505 679 2784 763; baseline 0.001 -21"><span class='ocrx_word' id='word_1_10' title='bbox 505 699 711 761; x_wconf 85' lang='lat' dir='ltr'>neque</span> <span class='ocrx_word' id='word_1_11' title='bbox 757 700 914 752; x_wconf 86' lang='lat' dir='ltr'>eam,</span> <span class='ocrx_word' id='word_1_12' title='bbox 959 679 1015 743; x_wconf 91' lang='lat' dir='ltr'>si</span> <span class='ocrx_word' id='word_1_13' title='bbox 1056 680 1265 745; x_wconf 88' lang='lat' dir='ltr'>inesse</span> <span class='ocrx_word' id='word_1_14' title='bbox 1309 685 1550 762; x_wconf 85' lang='lat' dir='ltr'>posset,</span> <span class='ocrx_word' id='word_1_15' title='bbox 1599 680 1683 745; x_wconf 87' lang='lat' dir='ltr'>ad</span> <span class='ocrx_word' id='word_1_16' title='bbox 1730 682 2195 747; x_wconf 84' lang='lat' dir='ltr'>sententiarum</span> <span class='ocrx_word' id='word_1_17' title='bbox 2239 701 2470 746; x_wconf 86' lang='lat' dir='ltr'>nexum</span> <span class='ocrx_word' id='word_1_18' title='bbox 2515 700 2784 763; x_wconf 84' lang='lat' dir='ltr'>prorsus</span> 
     </span>
     <span class='ocr_line' id='line_1_4' title="bbox 506 764 2781 851; baseline 0.001 -23"><span class='ocrx_word' id='word_1_19' title='bbox 506 764 825 846; x_wconf 78' lang='lat' dir='ltr'>quadrare</span> <span class='ocrx_word' id='word_1_20' title='bbox 892 785 1137 833; x_wconf 88' lang='lat' dir='ltr'>censeo.</span> <span class='ocrx_word' id='word_1_21' title='bbox 1255 765 1468 833; x_wconf 89' lang='lat' dir='ltr'>Verba</span> <span class='ocrx_word' id='word_1_22' title='bbox 1524 765 1817 851; x_wconf 78' lang='grc' dir='ltr'><strong><em>ὁπότεροι</em></strong></span> <span class='ocrx_word' id='word_1_23' title='bbox 1866 818 1880 832; x_wconf 94' lang='grc'><strong>.</strong></span> <span class='ocrx_word' id='word_1_24' title='bbox 1903 816 1918 832; x_wconf 93' lang='grc'><strong>.</strong></span> <span class='ocrx_word' id='word_1_25' title='bbox 1946 816 1961 832; x_wconf 93' lang='grc'><strong>.</strong></span> <span class='ocrx_word' id='word_1_26' title='bbox 2030 766 2336 844; x_wconf 78' lang='grc' dir='ltr'><strong><em>ἄρξουσιν</em></strong></span> <span class='ocrx_word' id='word_1_27' title='bbox 2379 767 2781 851; x_wconf 65' lang='lat' dir='ltr'>epexegesim</span> 
     </span>
     <span class='ocr_line' id='line_1_5' title="bbox 505 850 2781 937; baseline 0 -23"><span class='ocrx_word' id='word_1_28' title='bbox 505 871 673 937; x_wconf 89' lang='lat' dir='ltr'>quae</span> <span class='ocrx_word' id='word_1_29' title='bbox 718 850 974 931; x_wconf 82' lang='lat' dir='ltr'>dicitur,</span> <span class='ocrx_word' id='word_1_30' title='bbox 1020 871 1238 917; x_wconf 89' lang='lat' dir='ltr'>eorum</span> <span class='ocrx_word' id='word_1_31' title='bbox 1284 873 1450 935; x_wconf 87' lang='lat' dir='ltr'>quae</span> <span class='ocrx_word' id='word_1_32' title='bbox 1493 854 1884 921; x_wconf 83' lang='lat' dir='ltr'>antecedunt</span> <span class='ocrx_word' id='word_1_33' title='bbox 1924 852 2037 926; x_wconf 76' lang='grc' dir='ltr'><strong><em>τοὶς</em></strong></span> <span class='ocrx_word' id='word_1_34' title='bbox 2075 852 2244 935; x_wconf 68' lang='grc' dir='ltr'><strong><em>,πρὸς</em></strong></span> <span class='ocrx_word' id='word_1_35' title='bbox 2284 850 2609 937; x_wconf 68' lang='grc' dir='ltr'><strong><em>ἀλλήλους</em></strong></span> <span class='ocrx_word' id='word_1_36' title='bbox 2640 851 2781 915; x_wconf 79' lang='grc' dir='ltr'><strong><em>δια-</em></strong></span> 
     </span>
     <span class='ocr_line' id='line_1_6' title="bbox 506 933 2780 1023; baseline 0 -23"><span class='ocrx_word' id='word_1_37' title='bbox 506 936 718 1021; x_wconf 78' lang='grc' dir='ltr'><strong><em>φορὰς</em></strong></span> <span class='ocrx_word' id='word_1_38' title='bbox 760 933 878 1016; x_wconf 71' lang='grc' dir='ltr'>οὐχ</span> <span class='ocrx_word' id='word_1_39' title='bbox 921 936 1083 1020; x_wconf 75' lang='grc' dir='ltr'><strong><em>ὑπὲρ</em></strong></span> <span class='ocrx_word' id='word_1_40' title='bbox 1130 933 1312 1019; x_wconf 76' lang='grc' dir='ltr'><strong><em>ὑμῶν</em></strong></span> <span class='ocrx_word' id='word_1_41' title='bbox 1355 936 1498 1001; x_wconf 72' lang='grc' dir='ltr'>ἀλλ’</span> <span class='ocrx_word' id='word_1_42' title='bbox 1537 937 1702 1023; x_wconf 78' lang='grc' dir='ltr'><strong><em>ὑπὲρ</em></strong></span> <span class='ocrx_word' id='word_1_43' title='bbox 1745 938 1995 1005; x_wconf 74' lang='grc' dir='ltr'><strong><em>ἑαυτῶν</em></strong></span> <span class='ocrx_word' id='word_1_44' title='bbox 2030 940 2416 1020; x_wconf 75' lang='grc' dir='ltr'><strong><em>γιγνομένας.</em></strong></span> <span class='ocrx_word' id='word_1_45' title='bbox 2434 939 2780 1003; x_wconf 85' lang='lat' dir='ltr'>continent.</span> 
     </span>
     <span class='ocr_line' id='line_1_7' title="bbox 506 1021 2786 1108; baseline -0.001 -22"><span class='ocrx_word' id='word_1_46' title='bbox 506 1021 685 1098; x_wconf 82' lang='lat' dir='ltr'>Quae</span> <span class='ocrx_word' id='word_1_47' title='bbox 728 1023 925 1088; x_wconf 86' lang='lat' dir='ltr'>verba</span> <span class='ocrx_word' id='word_1_48' title='bbox 969 1024 1034 1088; x_wconf 83' lang='lat' dir='ltr'>si&#39;</span> <span class='ocrx_word' id='word_1_49' title='bbox 1064 1025 1487 1106; x_wconf 83' lang='lat' dir='ltr'>respiciamus</span> <span class='ocrx_word' id='word_1_50' title='bbox 1528 1031 1906 1108; x_wconf 81' lang='lat' dir='ltr'>partemque</span> <span class='ocrx_word' id='word_1_51' title='bbox 1951 1025 2323 1107; x_wconf 78' lang='lat' dir='ltr'>epexegesis</span> <span class='ocrx_word' id='word_1_52' title='bbox 2368 1025 2644 1089; x_wconf 87' lang='lat' dir='ltr'>alteram</span> <span class='ocrx_word' id='word_1_53' title='bbox 2675 1026 2786 1085; x_wconf 78' lang='grc' dir='ltr'>καὶ</span> 
     </span>
     <span class='ocr_line' id='line_1_8' title="bbox 505 1108 2782 1194; baseline 0 -23"><span class='ocrx_word' id='word_1_54' title='bbox 505 1111 612 1191; x_wconf 84' lang='grc' dir='ltr'>τῆς</span> <span class='ocrx_word' id='word_1_55' title='bbox 675 1108 928 1183; x_wconf 81' lang='grc' dir='ltr'><strong><em>πόλεως</em></strong></span> <span class='ocrx_word' id='word_1_56' title='bbox 992 1110 1297 1191; x_wconf 80' lang='grc' dir='ltr'><strong><em>ἄρξουσιν</em></strong></span> <span class='ocrx_word' id='word_1_57' title='bbox 1369 1133 1830 1193; x_wconf 70' lang='lat' dir='ltr'>comparemus,</span> <span class='ocrx_word' id='word_1_58' title='bbox 1878 1132 1955 1175; x_wconf 88' lang='lat' dir='ltr'>ac</span> <span class='ocrx_word' id='word_1_59' title='bbox 2026 1116 2363 1192; x_wconf 84' lang='lat' dir='ltr'>praeterea</span> <span class='ocrx_word' id='word_1_60' title='bbox 2418 1110 2648 1194; x_wconf 79' lang='lat' dir='ltr'>Lysiae</span> <span class='ocrx_word' id='word_1_61' title='bbox 2713 1109 2782 1172; x_wconf 88' lang='lat' dir='ltr'>in</span> 
     </span>
     <span class='ocr_line' id='line_1_9' title="bbox 505 1194 2785 1281; baseline 0 -22"><span class='ocrx_word' id='word_1_62' title='bbox 505 1195 848 1277; x_wconf 79' lang='lat' dir='ltr'>optimates</span> <span class='ocrx_word' id='word_1_63' title='bbox 895 1194 1091 1261; x_wconf 89' lang='lat' dir='ltr'>animi</span> <span class='ocrx_word' id='word_1_64' title='bbox 1135 1197 1563 1277; x_wconf 82' lang='lat' dir='ltr'>recordemur,</span> <span class='ocrx_word' id='word_1_65' title='bbox 1612 1199 1736 1263; x_wconf 83' lang='lat' dir='ltr'>toti</span> <span class='ocrx_word' id='word_1_66' title='bbox 1778 1198 2116 1281; x_wconf 86' lang='lat' dir='ltr'>epexegesi</span> <span class='ocrx_word' id='word_1_67' title='bbox 2153 1197 2474 1263; x_wconf 87' lang='lat' dir='ltr'>sententia</span> <span class='ocrx_word' id='word_1_68' title='bbox 2516 1196 2785 1263; x_wconf 86' lang='lat' dir='ltr'>subesse</span> 
     </span>
     <span class='ocr_line' id='line_1_10' title="bbox 507 1281 2783 1366; baseline 0 -21"><span class='ocrx_word' id='word_1_69' title='bbox 507 1281 937 1364; x_wconf 87' lang='lat' dir='ltr'>suspicamur:</span> <span class='ocrx_word' id='word_1_70' title='bbox 983 1282 1349 1366; x_wconf 85' lang='lat' dir='ltr'>(discidium</span> <span class='ocrx_word' id='word_1_71' title='bbox 1395 1282 1476 1347; x_wconf 91' lang='lat' dir='ltr'>de</span> <span class='ocrx_word' id='word_1_72' title='bbox 1522 1305 1599 1348; x_wconf 89' lang='lat' dir='ltr'>ea</span> <span class='ocrx_word' id='word_1_73' title='bbox 1644 1284 2022 1366; x_wconf 81' lang='lat' dir='ltr'>quaestione</span> <span class='ocrx_word' id='word_1_74' title='bbox 2067 1288 2279 1349; x_wconf 87' lang='lat' dir='ltr'>ortum</span> <span class='ocrx_word' id='word_1_75' title='bbox 2341 1283 2526 1366; x_wconf 87' lang='lat' dir='ltr'>esse),</span> <span class='ocrx_word' id='word_1_76' title='bbox 2580 1300 2783 1365; x_wconf 84' lang='lat' dir='ltr'>quae-</span> 
     </span>
    </p>
   </div>
   <div class='ocr_carea' id='block_1_3' title="bbox 2851 4 2916 15">
    <p class='ocr_par' dir='ltr' id='par_1_3' title="bbox 2851 4 2916 15">
     <span class='ocr_line' id='line_1_11' title="bbox 2851 4 2916 15; baseline 0 0"><span class='ocrx_word' id='word_1_77' title='bbox 2851 4 2916 15; x_wconf 35' lang='lat' dir='ltr'>...od-n</span> 
     </span>
    </p>
   </div>
   <div class='ocr_carea' id='block_1_4' title="bbox 506 1367 2886 1452">
    <p class='ocr_par' dir='ltr' id='par_1_4' title="bbox 506 1367 2886 1452">
     <span class='ocr_line' id='line_1_12' title="bbox 506 1367 2886 1452; baseline -0.001 -19"><span class='ocrx_word' id='word_1_78' title='bbox 506 1387 657 1433; x_wconf 88' lang='lat' dir='ltr'>nam</span> <span class='ocrx_word' id='word_1_79' title='bbox 702 1369 1082 1451; x_wconf 86' lang='lat' dir='ltr'>optimatum</span> <span class='ocrx_word' id='word_1_80' title='bbox 1146 1390 1296 1452; x_wconf 88' lang='lat' dir='ltr'>pars</span> <span class='ocrx_word' id='word_1_81' title='bbox 1340 1370 1436 1437; x_wconf 89' lang='lat' dir='ltr'>rei</span> <span class='ocrx_word' id='word_1_82' title='bbox 1498 1369 1795 1452; x_wconf 85' lang='lat' dir='ltr'>publicae</span> <span class='ocrx_word' id='word_1_83' title='bbox 1843 1369 2345 1452; x_wconf 84' lang='lat' dir='ltr'>gubernaculum</span> <span class='ocrx_word' id='word_1_84' title='bbox 2371 1407 2471 1437; x_wconf 90' lang='grc'>,--</span> <span class='ocrx_word' id='word_1_85' title='bbox 2545 1367 2784 1451; x_wconf 82' lang='lat' dir='ltr'>populo</span> <span class='ocrx_word' id='word_1_86' title='bbox 2879 1439 2886 1445; x_wconf 46' lang='grc'><strong><em>,</em></strong></span> 
     </span>
    </p>
   </div>
   <div class='ocr_carea' id='block_1_5' title="bbox 500 1453 2812 2574">
    <p class='ocr_par' dir='ltr' id='par_1_5' title="bbox 500 1453 2812 2574">
     <span class='ocr_line' id='line_1_13' title="bbox 500 1453 2785 1538; baseline 0 -21"><span class='ocrx_word' id='word_1_87' title='bbox 500 1456 631 1537; x_wconf 89' lang='lat' dir='ltr'>jam</span> <span class='ocrx_word' id='word_1_88' title='bbox 681 1453 920 1518; x_wconf 89' lang='lat' dir='ltr'>dudum</span> <span class='ocrx_word' id='word_1_89' title='bbox 965 1460 1366 1537; x_wconf 88' lang='lat' dir='ltr'>ereptum—</span> <span class='ocrx_word' id='word_1_90' title='bbox 1406 1461 1771 1521; x_wconf 87' lang='lat' dir='ltr'>tractatura</span> <span class='ocrx_word' id='word_1_91' title='bbox 1793 1457 1899 1521; x_wconf 91' lang='lat' dir='ltr'>sit.</span> <span class='ocrx_word' id='word_1_92' title='bbox 1988 1455 2209 1523; x_wconf 82' lang='lat' dir='ltr'>Sermo</span> <span class='ocrx_word' id='word_1_93' title='bbox 2237 1456 2433 1538; x_wconf 85' lang='lat' dir='ltr'>igitur</span> <span class='ocrx_word' id='word_1_94' title='bbox 2473 1455 2540 1525; x_wconf 89' lang='lat' dir='ltr'>in</span> <span class='ocrx_word' id='word_1_95' title='bbox 2587 1475 2785 1518; x_wconf 90' lang='lat' dir='ltr'>enun-</span> 
     </span>
     <span class='ocr_line' id='line_1_14' title="bbox 505 1540 2778 1623; baseline 0 -20"><span class='ocrx_word' id='word_1_96' title='bbox 505 1540 685 1607; x_wconf 86' lang='lat' dir='ltr'>tiato.</span> <span class='ocrx_word' id='word_1_97' title='bbox 715 1540 871 1607; x_wconf 89' lang='lat' dir='ltr'>mihi</span> <span class='ocrx_word' id='word_1_98' title='bbox 913 1540 1163 1607; x_wconf 84' lang='lat' dir='ltr'>videtur</span> <span class='ocrx_word' id='word_1_99' title='bbox 1208 1563 1348 1607; x_wconf 88' lang='lat' dir='ltr'>esse</span> <span class='ocrx_word' id='word_1_100' title='bbox 1392 1563 1520 1609; x_wconf 90' lang='lat' dir='ltr'>non</span> <span class='ocrx_word' id='word_1_101' title='bbox 1564 1542 1646 1607; x_wconf 88' lang='lat' dir='ltr'>de</span> <span class='ocrx_word' id='word_1_102' title='bbox 1690 1541 1973 1609; x_wconf 89' lang='lat' dir='ltr'>consiliis</span> <span class='ocrx_word' id='word_1_103' title='bbox 2015 1542 2398 1623; x_wconf 86' lang='lat' dir='ltr'>optimatum</span> <span class='ocrx_word' id='word_1_104' title='bbox 2440 1540 2778 1622; x_wconf 74' lang='lat' dir='ltr'>perficien-</span> 
     </span>
     <span class='ocr_line' id='line_1_15' title="bbox 508 1625 2786 1711; baseline 0 -20"><span class='ocrx_word' id='word_1_105' title='bbox 508 1625 607 1691; x_wconf 90' lang='lat' dir='ltr'>dis</span> <span class='ocrx_word' id='word_1_106' title='bbox 621 1675 639 1709; x_wconf 90' lang='lat'>‚</span> <span class='ocrx_word' id='word_1_107' title='bbox 705 1626 818 1693; x_wconf 87' lang='lat' dir='ltr'>sed</span> <span class='ocrx_word' id='word_1_108' title='bbox 862 1627 941 1692; x_wconf 91' lang='lat' dir='ltr'>de</span> <span class='ocrx_word' id='word_1_109' title='bbox 983 1627 1253 1710; x_wconf 86' lang='lat' dir='ltr'>imperio</span> <span class='ocrx_word' id='word_1_110' title='bbox 1318 1627 1616 1693; x_wconf 90' lang='lat' dir='ltr'>tenendo.</span> <span class='ocrx_word' id='word_1_111' title='bbox 1704 1628 1797 1695; x_wconf 89' lang='lat' dir='ltr'>Ac</span> <span class='ocrx_word' id='word_1_112' title='bbox 1842 1628 1975 1692; x_wconf 89' lang='lat' dir='ltr'>tale</span> <span class='ocrx_word' id='word_1_113' title='bbox 2020 1628 2174 1711; x_wconf 88' lang='lat' dir='ltr'>quid</span> <span class='ocrx_word' id='word_1_114' title='bbox 2240 1628 2447 1693; x_wconf 88' lang='lat' dir='ltr'>inesse</span> <span class='ocrx_word' id='word_1_115' title='bbox 2491 1626 2786 1709; x_wconf 82' lang='lat' dir='ltr'>plerique</span> 
     </span>
     <span class='ocr_line' id='line_1_16' title="bbox 506 1712 2786 1797; baseline -0 -20"><span class='ocrx_word' id='word_1_116' title='bbox 506 1734 603 1777; x_wconf 83' lang='lat' dir='ltr'>vv.</span> <span class='ocrx_word' id='word_1_117' title='bbox 650 1712 756 1777; x_wconf 88' lang='lat' dir='ltr'>dd.</span> <span class='ocrx_word' id='word_1_118' title='bbox 778 1763 792 1789; x_wconf 91' lang='lat'>‚</span> <span class='ocrx_word' id='word_1_119' title='bbox 839 1713 947 1795; x_wconf 91' lang='lat' dir='ltr'>qui</span> <span class='ocrx_word' id='word_1_120' title='bbox 990 1713 1069 1777; x_wconf 92' lang='lat' dir='ltr'>de</span> <span class='ocrx_word' id='word_1_121' title='bbox 1113 1713 1254 1779; x_wconf 92' lang='lat' dir='ltr'>loco</span> <span class='ocrx_word' id='word_1_122' title='bbox 1298 1713 1709 1797; x_wconf 85' lang='lat' dir='ltr'>protulerunt</span> <span class='ocrx_word' id='word_1_123' title='bbox 1752 1714 2171 1787; x_wconf 88' lang='lat' dir='ltr'>sententiam,</span> <span class='ocrx_word' id='word_1_124' title='bbox 2242 1718 2642 1791; x_wconf 85' lang='lat' dir='ltr'>statuerunt,</span> <span class='ocrx_word' id='word_1_125' title='bbox 2688 1713 2786 1776; x_wconf 86' lang='lat' dir='ltr'>ni·-</span> 
     </span>
     <span class='ocr_line' id='line_1_17' title="bbox 507 1798 2788 1883; baseline -0.002 -18"><span class='ocrx_word' id='word_1_126' title='bbox 507 1798 640 1865; x_wconf 89' lang='lat' dir='ltr'>hilo</span> <span class='ocrx_word' id='word_1_127' title='bbox 708 1800 916 1879; x_wconf 81' lang='lat' dir='ltr'>minus</span> <span class='ocrx_word' id='word_1_128' title='bbox 963 1799 1527 1867; x_wconf 86' lang='lat' dir='ltr'>Westermannum</span> <span class='ocrx_word' id='word_1_129' title='bbox 1592 1814 1845 1879; x_wconf 82' lang='lat' dir='ltr'>(comm.</span> <span class='ocrx_word' id='word_1_130' title='bbox 1892 1799 2072 1883; x_wconf 79' lang='lat' dir='ltr'>LysS.</span> <span class='ocrx_word' id='word_1_131' title='bbox 2116 1799 2410 1883; x_wconf 83' lang='lat' dir='ltr'>111,·1e.)</span> <span class='ocrx_word' id='word_1_132' title='bbox 2471 1802 2788 1883; x_wconf 76' lang='lat' dir='ltr'>conjectu-</span> 
     </span>
     <span class='ocr_line' id='line_1_18' title="bbox 508 1884 2787 1971; baseline 0 -23"><span class='ocrx_word' id='word_1_133' title='bbox 508 1885 635 1965; x_wconf 78' lang='lat' dir='ltr'>riS,</span> <span class='ocrx_word' id='word_1_134' title='bbox 683 1906 848 1967; x_wconf 91' lang='lat' dir='ltr'>quae</span> <span class='ocrx_word' id='word_1_135' title='bbox 893 1886 1185 1968; x_wconf 84' lang='lat' dir='ltr'>prolatae</span> <span class='ocrx_word' id='word_1_136' title='bbox 1228 1888 1358 1953; x_wconf 86' lang='lat' dir='ltr'>sint</span> <span class='ocrx_word' id='word_1_137' title='bbox 1380 1936 1395 1966; x_wconf 99' lang='lat'>,</span> <span class='ocrx_word' id='word_1_138' title='bbox 1458 1887 1847 1956; x_wconf 80' lang='lat' dir='ltr'>enumeratis</span> <span class='ocrx_word' id='word_1_139' title='bbox 1886 1890 2031 1971; x_wconf 86' lang='lat' dir='ltr'>jure</span> <span class='ocrx_word' id='word_1_140' title='bbox 2077 1904 2193 1953; x_wconf 86' lang='lat' dir='ltr'>suo</span> <span class='ocrx_word' id='word_1_141' title='bbox 2237 1884 2472 1951; x_wconf 83' lang='lat' dir='ltr'>dixisse</span> <span class='ocrx_word' id='word_1_142' title='bbox 2517 1889 2787 1966; x_wconf 77' lang='lat' dir='ltr'>putave-</span> 
     </span>
     <span class='ocr_line' id='line_1_19' title="bbox 508 1970 2812 2056; baseline 0 -22"><span class='ocrx_word' id='word_1_143' title='bbox 508 1971 662 2034; x_wconf 89' lang='lat' dir='ltr'>rim:</span> <span class='ocrx_word' id='word_1_144' title='bbox 706 1971 933 2056; x_wconf 79' lang='lat' dir='ltr'>Lysias</span> <span class='ocrx_word' id='word_1_145' title='bbox 978 1973 1132 2055; x_wconf 86' lang='lat' dir='ltr'>quid</span> <span class='ocrx_word' id='word_1_146' title='bbox 1180 1973 1530 2056; x_wconf 82' lang='lat' dir='ltr'>scripserit,</span> <span class='ocrx_word' id='word_1_147' title='bbox 1576 1973 1861 2039; x_wconf 89' lang='lat' dir='ltr'>nondum</span> <span class='ocrx_word' id='word_1_148' title='bbox 1903 1972 2244 2051; x_wconf 25' lang='lat' dir='ltr'>inventum·</span> <span class='ocrx_word' id='word_1_149' title='bbox 2277 1976 2394 2037; x_wconf 84' lang='lat' dir='ltr'>est.</span> <span class='ocrx_word' id='word_1_150' title='bbox 2483 1970 2610 2036; x_wconf 82' lang='lat' dir='ltr'>Sed</span> <span class='ocrx_word' id='word_1_151' title='bbox 2649 1974 2812 2054; x_wconf 79' lang='lat' dir='ltr'>jam-</span> 
     </span>
     <span class='ocr_line' id='line_1_20' title="bbox 508 2054 2786 2141; baseline 0 -21"><span class='ocrx_word' id='word_1_152' title='bbox 508 2056 823 2136; x_wconf 90' lang='lat' dir='ltr'>medelas,</span> <span class='ocrx_word' id='word_1_153' title='bbox 888 2079 1052 2141; x_wconf 87' lang='lat' dir='ltr'>quae</span> <span class='ocrx_word' id='word_1_154' title='bbox 1094 2061 1465 2141; x_wconf 88' lang='lat' dir='ltr'>propositae</span> <span class='ocrx_word' id='word_1_155' title='bbox 1509 2065 1661 2125; x_wconf 89' lang='lat' dir='ltr'>sunt</span> <span class='ocrx_word' id='word_1_156' title='bbox 1686 2110 1700 2138; x_wconf 94' lang='lat'>,</span> <span class='ocrx_word' id='word_1_157' title='bbox 1761 2058 2277 2141; x_wconf 87' lang='lat' dir='ltr'>contemplemur.</span> <span class='ocrx_word' id='word_1_158' title='bbox 2358 2054 2786 2122; x_wconf 73' lang='lat' dir='ltr'>&#39;Marklandus</span> 
     </span>
     <span class='ocr_line' id='line_1_21' title="bbox 509 2142 2789 2229; baseline -0.001 -22"><span class='ocrx_word' id='word_1_159' title='bbox 509 2143 918 2208; x_wconf 86' lang='lat' dir='ltr'>scribendum</span> <span class='ocrx_word' id='word_1_160' title='bbox 937 2165 1077 2210; x_wconf 90' lang='lat' dir='ltr'>esse</span> <span class='ocrx_word' id='word_1_161' title='bbox 1102 2145 1381 2213; x_wconf 89' lang='lat' dir='ltr'>censuit:</span> <span class='ocrx_word' id='word_1_162' title='bbox 1427 2143 1725 2229; x_wconf 71' lang='grc' dir='ltr'><strong><em>ὄπότεροί</em></strong></span> <span class='ocrx_word' id='word_1_163' title='bbox 1739 2166 1852 2227; x_wconf 83' lang='grc' dir='ltr'><strong><em>μοι</em></strong></span> <span class='ocrx_word' id='word_1_164' title='bbox 1874 2145 2112 2209; x_wconf 77' lang='grc' dir='ltr'><strong><em>πάντα.</em></strong></span> <span class='ocrx_word' id='word_1_165' title='bbox 2153 2143 2282 2211; x_wconf 86' lang='lat' dir='ltr'>Sed</span> <span class='ocrx_word' id='word_1_166' title='bbox 2303 2165 2503 2226; x_wconf 91' lang='lat' dir='ltr'>quum</span> <span class='ocrx_word' id='word_1_167' title='bbox 2523 2142 2789 2208; x_wconf 78' lang='lat' dir='ltr'>verbum</span> 
     </span>
     <span class='ocr_line' id='line_1_22' title="bbox 505 2230 2784 2312; baseline 0 -21"><span class='ocrx_word' id='word_1_168' title='bbox 505 2251 616 2308; x_wconf 87' lang='grc' dir='ltr'><strong><em>μοι</em></strong></span> <span class='ocrx_word' id='word_1_169' title='bbox 660 2231 915 2295; x_wconf 89' lang='lat' dir='ltr'>omnino</span> <span class='ocrx_word' id='word_1_170' title='bbox 959 2230 1063 2299; x_wconf 92' lang='lat' dir='ltr'>hic</span> <span class='ocrx_word' id='word_1_171' title='bbox 1104 2230 1314 2298; x_wconf 90' lang='lat' dir='ltr'>locum</span> <span class='ocrx_word' id='word_1_172' title='bbox 1358 2253 1486 2297; x_wconf 91' lang='lat' dir='ltr'>non</span> <span class='ocrx_word' id='word_1_173' title='bbox 1529 2231 1793 2312; x_wconf 89' lang='lat' dir='ltr'>habeat,</span> <span class='ocrx_word' id='word_1_174' title='bbox 1839 2230 1919 2295; x_wconf 91' lang='lat' dir='ltr'>de</span> <span class='ocrx_word' id='word_1_175' title='bbox 1961 2230 2084 2296; x_wconf 86' lang='lat' dir='ltr'>hac</span> <span class='ocrx_word' id='word_1_176' title='bbox 2106 2230 2487 2295; x_wconf 89' lang='lat' dir='ltr'>emendandi</span> <span class='ocrx_word' id='word_1_177' title='bbox 2530 2230 2784 2293; x_wconf 88' lang='lat' dir='ltr'>ratione</span> 
     </span>
     <span class='ocr_line' id='line_1_23' title="bbox 503 2314 2783 2398; baseline -0 -20"><span class='ocrx_word' id='word_1_178' title='bbox 503 2317 637 2398; x_wconf 90' lang='lat' dir='ltr'>jam</span> <span class='ocrx_word' id='word_1_179' title='bbox 680 2316 841 2381; x_wconf 87' lang='lat' dir='ltr'>nihil</span> <span class='ocrx_word' id='word_1_180' title='bbox 884 2316 1112 2381; x_wconf 89' lang='lat' dir='ltr'>dicam.</span> <span class='ocrx_word' id='word_1_181' title='bbox 1202 2317 1747 2387; x_wconf 86' lang='lat' dir='ltr'>Verisimillimum</span> <span class='ocrx_word' id='word_1_182' title='bbox 1789 2323 2004 2383; x_wconf 89' lang='lat' dir='ltr'>autem</span> <span class='ocrx_word' id='word_1_183' title='bbox 2050 2321 2172 2397; x_wconf 89' lang='lat' dir='ltr'>est,</span> <span class='ocrx_word' id='word_1_184' title='bbox 2213 2316 2479 2381; x_wconf 84' lang='lat' dir='ltr'>verbum</span> <span class='ocrx_word' id='word_1_185' title='bbox 2521 2337 2633 2397; x_wconf 83' lang='grc' dir='ltr'><strong><em>μοι</em></strong></span> <span class='ocrx_word' id='word_1_186' title='bbox 2676 2314 2783 2378; x_wconf 86' lang='lat' dir='ltr'>lit-</span> 
     </span>
     <span class='ocr_line' id='line_1_24' title="bbox 511 2400 2789 2488; baseline 0 -24"><span class='ocrx_word' id='word_1_187' title='bbox 511 2402 672 2466; x_wconf 88' lang='lat' dir='ltr'>teris</span> <span class='ocrx_word' id='word_1_188' title='bbox 719 2400 962 2467; x_wconf 88' lang='lat' dir='ltr'>ultimis</span> <span class='ocrx_word' id='word_1_189' title='bbox 1023 2404 1195 2468; x_wconf 87' lang='lat' dir='ltr'>vocis</span> <span class='ocrx_word' id='word_1_190' title='bbox 1240 2402 1532 2488; x_wconf 78' lang='grc' dir='ltr'><strong><em>ὖπότεροι</em></strong></span> <span class='ocrx_word' id='word_1_191' title='bbox 1577 2403 1743 2470; x_wconf 87' lang='lat' dir='ltr'>male</span> <span class='ocrx_word' id='word_1_192' title='bbox 1799 2404 2094 2486; x_wconf 86' lang='lat' dir='ltr'>repetitis</span> <span class='ocrx_word' id='word_1_193' title='bbox 2139 2424 2279 2469; x_wconf 86' lang='lat' dir='ltr'>esse</span> <span class='ocrx_word' id='word_1_194' title='bbox 2322 2407 2555 2467; x_wconf 89' lang='lat' dir='ltr'>ortum.</span> <span class='ocrx_word' id='word_1_195' title='bbox 2649 2400 2789 2477; x_wconf 83' lang='lat' dir='ltr'>Quo</span> 
     </span>
     <span class='ocr_line' id='line_1_25' title="bbox 511 2485 2788 2574; baseline -0.001 -23"><span class='ocrx_word' id='word_1_196' title='bbox 511 2487 921 2555; x_wconf 89' lang='lat' dir='ltr'>considerato</span> <span class='ocrx_word' id='word_1_197' title='bbox 946 2489 1206 2557; x_wconf 88' lang='lat' dir='ltr'>Reiskio</span> <span class='ocrx_word' id='word_1_198' title='bbox 1253 2491 1617 2574; x_wconf 89' lang='lat' dir='ltr'>conjicienti</span> <span class='ocrx_word' id='word_1_199' title='bbox 1645 2488 1939 2571; x_wconf 73' lang='grc' dir='ltr'><strong><em>ὁπότεροι</em></strong></span> <span class='ocrx_word' id='word_1_200' title='bbox 1979 2488 2172 2570; x_wconf 82' lang='grc' dir='ltr'><strong><em>μόνοι</em></strong></span> <span class='ocrx_word' id='word_1_201' title='bbox 2213 2487 2428 2552; x_wconf 75' lang='grc' dir='ltr'><strong><em>πάντα</em></strong></span> <span class='ocrx_word' id='word_1_202' title='bbox 2470 2485 2788 2569; x_wconf 74' lang='grc' dir='ltr'><strong><em>πράξουσι</em></strong></span> 
     </span>
    </p>
   </div>
   <div class='ocr_carea' id='block_1_6' title="bbox 512 2573 2890 2665">
    <p class='ocr_par' dir='ltr' id='par_1_6' title="bbox 512 2573 2890 2665">
     <span class='ocr_line' id='line_1_26' title="bbox 512 2573 2890 2665; baseline -0 -27"><span class='ocrx_word' id='word_1_203' title='bbox 512 2595 594 2638; x_wconf 90' lang='lat' dir='ltr'>ne</span> <span class='ocrx_word' id='word_1_204' title='bbox 636 2573 830 2639; x_wconf 89' lang='lat' dir='ltr'>fidem</span> <span class='ocrx_word' id='word_1_205' title='bbox 873 2575 1246 2654; x_wconf 82' lang='lat' dir='ltr'>habeamuS,</span> <span class='ocrx_word' id='word_1_206' title='bbox 1280 2576 1465 2661; x_wconf 84' lang='lat' dir='ltr'>-quod</span> <span class='ocrx_word' id='word_1_207' title='bbox 1510 2596 1718 2659; x_wconf 86' lang='lat' dir='ltr'>nuper</span> <span class='ocrx_word' id='word_1_208' title='bbox 1759 2575 1911 2640; x_wconf 88' lang='lat' dir='ltr'>fecit</span> <span class='ocrx_word' id='word_1_209' title='bbox 1951 2574 2340 2640; x_wconf 85' lang='lat' dir='ltr'>Fritzschius</span> <span class='ocrx_word' id='word_1_210' title='bbox 2384 2573 2453 2665; x_wconf 73' lang='lat' dir='ltr'>(l.</span> <span class='ocrx_word' id='word_1_211' title='bbox 2496 2575 2605 2658; x_wconf 88' lang='lat' dir='ltr'>c.),</span> <span class='ocrx_word' id='word_1_212' title='bbox 2649 2593 2787 2638; x_wconf 88' lang='lat' dir='ltr'>mo-</span> <span class='ocrx_word' id='word_1_213' title='bbox 2885 2619 2890 2623; x_wconf 91' lang='lat'><em>-</em></span> 
     </span>
    </p>
   </div>
   <div class='ocr_carea' id='block_1_7' title="bbox 507 2661 2792 3434">
    <p class='ocr_par' dir='ltr' id='par_1_7' title="bbox 507 2661 2792 3434">
     <span class='ocr_line' id='line_1_27' title="bbox 510 2661 2786 2747; baseline 0 -22"><span class='ocrx_word' id='word_1_214' title='bbox 510 2683 757 2726; x_wconf 89' lang='lat' dir='ltr'>nemur.</span> <span class='ocrx_word' id='word_1_215' title='bbox 850 2663 1128 2728; x_wconf 85' lang='lat' dir='ltr'>Verbum</span> <span class='ocrx_word' id='word_1_216' title='bbox 1173 2668 1364 2743; x_wconf 81' lang='grc' dir='ltr'><strong><em>μόνοι</em></strong></span> <span class='ocrx_word' id='word_1_217' title='bbox 1411 2668 1624 2729; x_wconf 89' lang='lat' dir='ltr'>autem</span> <span class='ocrx_word' id='word_1_218' title='bbox 1680 2662 1763 2727; x_wconf 91' lang='lat' dir='ltr'>ad</span> <span class='ocrx_word' id='word_1_219' title='bbox 1809 2661 2104 2747; x_wconf 76' lang='grc' dir='ltr'><strong><em>ὁπότεροι</em></strong></span> <span class='ocrx_word' id='word_1_220' title='bbox 2161 2662 2480 2744; x_wconf 80' lang='lat' dir='ltr'>adjectum</span> <span class='ocrx_word' id='word_1_221' title='bbox 2524 2679 2786 2741; x_wconf 84' lang='lat' dir='ltr'>prorsus</span> 
     </span>
     <span class='ocr_line' id='line_1_28' title="bbox 510 2745 2790 2833; baseline -0 -21"><span class='ocrx_word' id='word_1_222' title='bbox 510 2747 799 2813; x_wconf 86' lang='lat' dir='ltr'>abundat</span> <span class='ocrx_word' id='word_1_223' title='bbox 843 2754 1038 2833; x_wconf 87' lang='lat' dir='ltr'>atque</span> <span class='ocrx_word' id='word_1_224' title='bbox 1102 2750 1449 2815; x_wconf 87' lang='lat' dir='ltr'>cavendum</span> <span class='ocrx_word' id='word_1_225' title='bbox 1509 2753 1611 2813; x_wconf 80' lang='lat' dir='ltr'>est</span> <span class='ocrx_word' id='word_1_226' title='bbox 1670 2769 1749 2812; x_wconf 91' lang='lat' dir='ltr'>ne</span> <span class='ocrx_word' id='word_1_227' title='bbox 1799 2748 1936 2815; x_wconf 88' lang='lat' dir='ltr'>tale</span> <span class='ocrx_word' id='word_1_228' title='bbox 2004 2748 2157 2831; x_wconf 89' lang='lat' dir='ltr'>quid</span> <span class='ocrx_word' id='word_1_229' title='bbox 2203 2747 2439 2831; x_wconf 78' lang='lat' dir='ltr'>Lysiae</span> <span class='ocrx_word' id='word_1_230' title='bbox 2482 2745 2790 2811; x_wconf 86' lang='lat' dir='ltr'>obtruda-</span> 
     </span>
     <span class='ocr_line' id='line_1_29' title="bbox 510 2831 2785 2918; baseline -0.001 -21"><span class='ocrx_word' id='word_1_231' title='bbox 510 2855 675 2898; x_wconf 89' lang='lat' dir='ltr'>mus.</span> <span class='ocrx_word' id='word_1_232' title='bbox 763 2834 966 2918; x_wconf 87' lang='lat' dir='ltr'>Magis</span> <span class='ocrx_word' id='word_1_233' title='bbox 1011 2836 1298 2901; x_wconf 84' lang='lat' dir='ltr'>arrident</span> <span class='ocrx_word' id='word_1_234' title='bbox 1356 2855 1435 2900; x_wconf 83' lang='lat' dir='ltr'>ex</span> <span class='ocrx_word' id='word_1_235' title='bbox 1492 2835 1849 2900; x_wconf 84' lang='lat' dir='ltr'>sententiae</span> <span class='ocrx_word' id='word_1_236' title='bbox 1914 2834 2274 2900; x_wconf 90' lang='lat' dir='ltr'>rationibus</span> <span class='ocrx_word' id='word_1_237' title='bbox 2319 2832 2558 2897; x_wconf 89' lang='lat' dir='ltr'>Dobrei</span> <span class='ocrx_word' id='word_1_238' title='bbox 2606 2837 2672 2896; x_wconf 90' lang='lat' dir='ltr'>et</span> <span class='ocrx_word' id='word_1_239' title='bbox 2714 2831 2785 2895; x_wconf 90' lang='lat' dir='ltr'>P.</span> 
     </span>
     <span class='ocr_line' id='line_1_30' title="bbox 511 2917 2791 3004; baseline -0.002 -20"><span class='ocrx_word' id='word_1_240' title='bbox 511 2920 588 2984; x_wconf 90' lang='lat' dir='ltr'>R.</span> <span class='ocrx_word' id='word_1_241' title='bbox 634 2920 931 2985; x_wconf 87' lang='lat' dir='ltr'>Muelleri</span> <span class='ocrx_word' id='word_1_242' title='bbox 988 2924 1374 2988; x_wconf 85' lang='lat' dir='ltr'>mutationes</span> <span class='ocrx_word' id='word_1_243' title='bbox 1393 2970 1410 3000; x_wconf 92' lang='lat'>,</span> <span class='ocrx_word' id='word_1_244' title='bbox 1477 2942 1751 3003; x_wconf 90' lang='lat' dir='ltr'>quorum</span> <span class='ocrx_word' id='word_1_245' title='bbox 1811 2921 1976 2986; x_wconf 90' lang='lat' dir='ltr'>alter</span> <span class='ocrx_word' id='word_1_246' title='bbox 2031 2941 2152 3004; x_wconf 88' lang='lat' dir='ltr'>pro</span> <span class='ocrx_word' id='word_1_247' title='bbox 2221 2923 2421 2982; x_wconf 83' lang='grc' dir='ltr'><strong><em>ταῦτα</em></strong></span> <span class='ocrx_word' id='word_1_248' title='bbox 2486 2917 2791 3000; x_wconf 87' lang='lat' dir='ltr'>proponit</span> 
     </span>
     <span class='ocr_line' id='line_1_31' title="bbox 507 3003 2788 3088; baseline -0.001 -18"><span class='ocrx_word' id='word_1_249' title='bbox 507 3009 768 3088; x_wconf 76' lang='grc' dir='ltr'><strong><em>μέγιστα</em></strong></span> <span class='ocrx_word' id='word_1_250' title='bbox 812 3008 913 3071; x_wconf 85' lang='lat' dir='ltr'>vel</span> <span class='ocrx_word' id='word_1_251' title='bbox 955 3009 1030 3069; x_wconf 77' lang='grc' dir='ltr'>τὰ</span> <span class='ocrx_word' id='word_1_252' title='bbox 1075 3010 1335 3088; x_wconf 78' lang='grc' dir='ltr'><strong><em>μέγιστα</em></strong></span> <span class='ocrx_word' id='word_1_253' title='bbox 1354 3057 1368 3085; x_wconf 89' lang='grc'>,</span> <span class='ocrx_word' id='word_1_254' title='bbox 1442 3007 1609 3072; x_wconf 86' lang='lat' dir='ltr'>alter</span> <span class='ocrx_word' id='word_1_255' title='bbox 1651 3005 1806 3088; x_wconf 77' lang='grc' dir='ltr'><strong><em>ὑμῖν</em></strong></span> <span class='ocrx_word' id='word_1_256' title='bbox 1869 3005 2192 3070; x_wconf 72' lang='grc' dir='ltr'><strong><em>τάναντία.</em></strong></span> <span class='ocrx_word' id='word_1_257' title='bbox 2281 3004 2408 3069; x_wconf 87' lang='lat' dir='ltr'>Sed</span> <span class='ocrx_word' id='word_1_258' title='bbox 2468 3003 2788 3087; x_wconf 85' lang='lat' dir='ltr'>quomodo</span> 
     </span>
     <span class='ocr_line' id='line_1_32' title="bbox 512 3090 2791 3175; baseline -0.002 -17"><span class='ocrx_word' id='word_1_259' title='bbox 512 3094 715 3158; x_wconf 84' lang='lat' dir='ltr'>verba</span> <span class='ocrx_word' id='word_1_260' title='bbox 754 3093 831 3156; x_wconf 73' lang='lat' dir='ltr'>w?</span> <span class='ocrx_word' id='word_1_261' title='bbox 876 3095 1135 3175; x_wconf 76' lang='grc' dir='ltr'><strong><em>μέγιστα</em></strong></span> <span class='ocrx_word' id='word_1_262' title='bbox 1180 3093 1278 3158; x_wconf 88' lang='lat' dir='ltr'>vel</span> <span class='ocrx_word' id='word_1_263' title='bbox 1319 3090 1472 3174; x_wconf 76' lang='grc' dir='ltr'><strong><em>ὑμῖν</em></strong></span> <span class='ocrx_word' id='word_1_264' title='bbox 1512 3091 1820 3156; x_wconf 70' lang='grc' dir='ltr'><strong><em>τάναντία</em></strong></span> <span class='ocrx_word' id='word_1_265' title='bbox 1882 3095 1952 3158; x_wconf 87' lang='lat' dir='ltr'>in</span> <span class='ocrx_word' id='word_1_266' title='bbox 2000 3097 2198 3155; x_wconf 83' lang='grc' dir='ltr'><strong><em>ταῦτα</em></strong></span> <span class='ocrx_word' id='word_1_267' title='bbox 2243 3090 2600 3173; x_wconf 81' lang='lat' dir='ltr'>depravata</span> <span class='ocrx_word' id='word_1_268' title='bbox 2641 3090 2791 3169; x_wconf 78' lang='lat' dir='ltr'>sint,</span> 
     </span>
     <span class='ocr_line' id='line_1_33' title="bbox 512 3176 2790 3264; baseline -0.002 -21"><span class='ocrx_word' id='word_1_269' title='bbox 512 3200 638 3243; x_wconf 91' lang='lat' dir='ltr'>non</span> <span class='ocrx_word' id='word_1_270' title='bbox 708 3185 926 3263; x_wconf 89' lang='lat' dir='ltr'>potest</span> <span class='ocrx_word' id='word_1_271' title='bbox 1012 3179 1328 3264; x_wconf 83' lang='lat' dir='ltr'>cognosci.</span> <span class='ocrx_word' id='word_1_272' title='bbox 1461 3179 1639 3245; x_wconf 89' lang='lat' dir='ltr'>Idem</span> <span class='ocrx_word' id='word_1_273' title='bbox 1709 3177 1884 3245; x_wconf 82' lang='lat' dir='ltr'>cadit·</span> <span class='ocrx_word' id='word_1_274' title='bbox 1968 3178 2038 3244; x_wconf 90' lang='lat' dir='ltr'>in</span> <span class='ocrx_word' id='word_1_275' title='bbox 2099 3176 2288 3242; x_wconf 88' lang='lat' dir='ltr'>Bakii</span> <span class='ocrx_word' id='word_1_276' title='bbox 2356 3179 2790 3261; x_wconf 89' lang='lat' dir='ltr'>conjecturam</span> 
     </span>
     <span class='ocr_line' id='line_1_34' title="bbox 511 3261 2792 3349; baseline -0 -22"><span class='ocrx_word' id='word_1_277' title='bbox 511 3264 729 3328; x_wconf 74' lang='grc' dir='ltr'><strong><em>πάντα</em></strong></span> <span class='ocrx_word' id='word_1_278' title='bbox 793 3268 1165 3349; x_wconf 75' lang='grc' dir='ltr'><strong><em>πράττοντες</em></strong></span> <span class='ocrx_word' id='word_1_279' title='bbox 1221 3268 1327 3348; x_wconf 81' lang='grc' dir='ltr'>τῆς</span> <span class='ocrx_word' id='word_1_280' title='bbox 1369 3265 1624 3339; x_wconf 81' lang='grc' dir='ltr'><strong><em>πόλεως</em></strong></span> <span class='ocrx_word' id='word_1_281' title='bbox 1681 3267 2019 3349; x_wconf 81' lang='grc' dir='ltr'><strong><em>ἄρξουσιν,</em></strong></span> <span class='ocrx_word' id='word_1_282' title='bbox 2092 3285 2256 3346; x_wconf 87' lang='lat' dir='ltr'>quae</span> <span class='ocrx_word' id='word_1_283' title='bbox 2310 3266 2445 3347; x_wconf 87' lang='lat' dir='ltr'>jam</span> <span class='ocrx_word' id='word_1_284' title='bbox 2505 3282 2643 3327; x_wconf 84' lang='lat' dir='ltr'>eam</span> <span class='ocrx_word' id='word_1_285' title='bbox 2708 3261 2792 3327; x_wconf 93' lang='lat' dir='ltr'>ob</span> 
     </span>
     <span class='ocr_line' id='line_1_35' title="bbox 512 3346 2791 3434; baseline -0.002 -18"><span class='ocrx_word' id='word_1_286' title='bbox 512 3372 807 3416; x_wconf 88' lang='lat' dir='ltr'>caussam</span> <span class='ocrx_word' id='word_1_287' title='bbox 864 3351 1125 3430; x_wconf 80' lang='lat' dir='ltr'>minime</span> <span class='ocrx_word' id='word_1_288' title='bbox 1197 3351 1495 3434; x_wconf 83' lang='lat' dir='ltr'>expedita</span> <span class='ocrx_word' id='word_1_289' title='bbox 1555 3357 1689 3432; x_wconf 85' lang='lat' dir='ltr'>est,</span> <span class='ocrx_word' id='word_1_290' title='bbox 1763 3351 1936 3433; x_wconf 88' lang='lat' dir='ltr'>quod</span> <span class='ocrx_word' id='word_1_291' title='bbox 1995 3350 2248 3416; x_wconf 89' lang='lat' dir='ltr'>duobus</span> <span class='ocrx_word' id='word_1_292' title='bbox 2287 3349 2591 3430; x_wconf 86' lang='lat' dir='ltr'>deinceps</span> <span class='ocrx_word' id='word_1_293' title='bbox 2634 3346 2791 3412; x_wconf 89' lang='lat' dir='ltr'>locis</span> 
     </span>
    </p>
   </div>
   <div class='ocr_carea' id='block_1_8' title="bbox 514 3431 2868 3520">
    <p class='ocr_par' dir='ltr' id='par_1_8' title="bbox 514 3431 2868 3520">
     <span class='ocr_line' id='line_1_36' title="bbox 514 3431 2868 3520; baseline -0.002 -19"><span class='ocrx_word' id='word_1_294' title='bbox 514 3443 742 3516; x_wconf 84' lang='lat' dir='ltr'>auctor</span> <span class='ocrx_word' id='word_1_295' title='bbox 786 3439 1105 3520; x_wconf 81' lang='lat' dir='ltr'>corrigere</span> <span class='ocrx_word' id='word_1_296' title='bbox 1150 3438 1305 3503; x_wconf 88' lang='lat' dir='ltr'>vult.</span> <span class='ocrx_word' id='word_1_297' title='bbox 1395 3436 1573 3513; x_wconf 81' lang='lat' dir='ltr'>Quae</span> <span class='ocrx_word' id='word_1_298' title='bbox 1620 3458 1817 3520; x_wconf 89' lang='lat' dir='ltr'>quum</span> <span class='ocrx_word' id='word_1_299' title='bbox 1859 3439 1956 3501; x_wconf 90' lang='lat' dir='ltr'>ita</span> <span class='ocrx_word' id='word_1_300' title='bbox 1999 3441 2210 3502; x_wconf 88' lang='lat' dir='ltr'>essent</span> <span class='ocrx_word' id='word_1_301' title='bbox 2230 3487 2245 3516; x_wconf 91' lang='lat'>,</span> <span class='ocrx_word' id='word_1_302' title='bbox 2311 3433 2794 3516; x_wconf 84' lang='lat' dir='ltr'>Frohbergerus</span> <span class='ocrx_word' id='word_1_303' title='bbox 2863 3431 2868 3436; x_wconf 80' lang='grc'><strong>’</strong></span> 
     </span>
    </p>
   </div>
   <div class='ocr_carea' id='block_1_9' title="bbox 513 3520 2797 4126">
    <p class='ocr_par' dir='ltr' id='par_1_9' title="bbox 513 3520 2797 4126">
     <span class='ocr_line' id='line_1_37' title="bbox 513 3520 2793 3596; baseline -0.002 -8"><span class='ocrx_word' id='word_1_304' title='bbox 513 3544 745 3596; x_wconf 83' lang='lat' dir='ltr'>novam</span> <span class='ocrx_word' id='word_1_305' title='bbox 791 3524 1186 3591; x_wconf 84' lang='lat' dir='ltr'>difficultatis</span> <span class='ocrx_word' id='word_1_306' title='bbox 1233 3524 1575 3589; x_wconf 85' lang='lat' dir='ltr'>solvendae</span> <span class='ocrx_word' id='word_1_307' title='bbox 1639 3526 1804 3589; x_wconf 88' lang='lat' dir='ltr'>viam</span> <span class='ocrx_word' id='word_1_308' title='bbox 1850 3527 1945 3589; x_wconf 92' lang='lat' dir='ltr'>ita</span> <span class='ocrx_word' id='word_1_309' title='bbox 1989 3523 2111 3590; x_wconf 91' lang='lat' dir='ltr'>sibi</span> <span class='ocrx_word' id='word_1_310' title='bbox 2165 3520 2485 3587; x_wconf 75' lang='lat' dir='ltr'>invenisse</span> <span class='ocrx_word' id='word_1_311' title='bbox 2530 3520 2793 3585; x_wconf 83' lang='lat' dir='ltr'>videba-</span> 
     </span>
     <span class='ocr_line' id='line_1_38' title="bbox 513 3605 2796 3693; baseline -0.002 -19"><span class='ocrx_word' id='word_1_312' title='bbox 513 3616 660 3690; x_wconf 87' lang='lat' dir='ltr'>tur,</span> <span class='ocrx_word' id='word_1_313' title='bbox 727 3617 799 3676; x_wconf 89' lang='lat' dir='ltr'>ut</span> <span class='ocrx_word' id='word_1_314' title='bbox 844 3633 1038 3674; x_wconf 87' lang='grc' dir='ltr'><strong><em>ταυτα</em></strong></span> <span class='ocrx_word' id='word_1_315' title='bbox 1082 3632 1209 3676; x_wconf 91' lang='lat' dir='ltr'>non</span> <span class='ocrx_word' id='word_1_316' title='bbox 1275 3610 1671 3693; x_wconf 87' lang='lat' dir='ltr'>pronominis</span> <span class='ocrx_word' id='word_1_317' title='bbox 1739 3606 1940 3685; x_wconf 80' lang='grc' dir='ltr'><strong><em>οὗτος,</em></strong></span> <span class='ocrx_word' id='word_1_318' title='bbox 2019 3609 2132 3676; x_wconf 89' lang='lat' dir='ltr'>sed</span> <span class='ocrx_word' id='word_1_319' title='bbox 2181 3606 2216 3671; x_wconf 79' lang='grc' dir='ltr'><em>ὅ</em></span> <span class='ocrx_word' id='word_1_320' title='bbox 2264 3605 2461 3679; x_wconf 75' lang='grc' dir='ltr'><strong><em>αὐτός</em></strong></span> <span class='ocrx_word' id='word_1_321' title='bbox 2523 3605 2796 3671; x_wconf 84' lang='lat' dir='ltr'>formam</span> 
     </span>
     <span class='ocr_line' id='line_1_39' title="bbox 515 3696 2797 3780; baseline -0.004 -16"><span class='ocrx_word' id='word_1_322' title='bbox 515 3718 660 3764; x_wconf 84' lang='lat' dir='ltr'>esse</span> <span class='ocrx_word' id='word_1_323' title='bbox 728 3702 1061 3765; x_wconf 84' lang='lat' dir='ltr'>statueret.</span> <span class='ocrx_word' id='word_1_324' title='bbox 1195 3698 1407 3779; x_wconf 90' lang='lat' dir='ltr'>Atque</span> <span class='ocrx_word' id='word_1_325' title='bbox 1492 3697 1593 3762; x_wconf 92' lang='lat' dir='ltr'>hic</span> <span class='ocrx_word' id='word_1_326' title='bbox 1673 3696 2035 3780; x_wconf 82' lang='lat' dir='ltr'>explicandi</span> <span class='ocrx_word' id='word_1_327' title='bbox 2114 3699 2385 3759; x_wconf 81' lang='lat' dir='ltr'>conatus</span> <span class='ocrx_word' id='word_1_328' title='bbox 2464 3713 2593 3757; x_wconf 89' lang='lat' dir='ltr'>non</span> <span class='ocrx_word' id='word_1_329' title='bbox 2668 3712 2797 3756; x_wconf 85' lang='lat' dir='ltr'>una</span> 
     </span>
     <span class='ocr_line' id='line_1_40' title="bbox 514 3779 2796 3867; baseline -0.005 -15"><span class='ocrx_word' id='word_1_330' title='bbox 514 3805 596 3852; x_wconf 79' lang='lat' dir='ltr'>,ex</span> <span class='ocrx_word' id='word_1_331' title='bbox 638 3804 868 3849; x_wconf 88' lang='lat' dir='ltr'>caussa</span> <span class='ocrx_word' id='word_1_332' title='bbox 912 3785 1119 3867; x_wconf 90' lang='lat' dir='ltr'>primo</span> <span class='ocrx_word' id='word_1_333' title='bbox 1164 3783 1395 3849; x_wconf 86' lang='lat' dir='ltr'>obtutu</span> <span class='ocrx_word' id='word_1_334' title='bbox 1437 3783 1622 3848; x_wconf 88' lang='lat' dir='ltr'>nobis</span> <span class='ocrx_word' id='word_1_335' title='bbox 1665 3782 2179 3859; x_wconf 67' lang='lat' dir='ltr'>commendatur,</span> <span class='ocrx_word' id='word_1_336' title='bbox 2248 3779 2306 3844; x_wconf 87' lang='lat' dir='ltr'>si</span> <span class='ocrx_word' id='word_1_337' title='bbox 2351 3782 2568 3843; x_wconf 90' lang='lat' dir='ltr'>autem</span> <span class='ocrx_word' id='word_1_338' title='bbox 2608 3798 2796 3842; x_wconf 89' lang='lat' dir='ltr'>accu-</span> 
     </span>
     <span class='ocr_line' id='line_1_41' title="bbox 515 3865 2795 3953; baseline -0.003 -19"><span class='ocrx_word' id='word_1_339' title='bbox 515 3870 722 3943; x_wconf 86' lang='lat' dir='ltr'>ratius</span> <span class='ocrx_word' id='word_1_340' title='bbox 766 3892 906 3934; x_wconf 87' lang='lat' dir='ltr'>rem</span> <span class='ocrx_word' id='word_1_341' title='bbox 952 3871 1394 3953; x_wconf 78' lang='lat' dir='ltr'>perspicimuS,</span> <span class='ocrx_word' id='word_1_342' title='bbox 1442 3892 1637 3953; x_wconf 88' lang='lat' dir='ltr'>quum</span> <span class='ocrx_word' id='word_1_343' title='bbox 1683 3871 2003 3935; x_wconf 83' lang='lat' dir='ltr'>sententia</span> <span class='ocrx_word' id='word_1_344' title='bbox 2047 3889 2176 3933; x_wconf 91' lang='lat' dir='ltr'>non</span> <span class='ocrx_word' id='word_1_345' title='bbox 2219 3865 2379 3931; x_wconf 86' lang='lat' dir='ltr'>satis</span> <span class='ocrx_word' id='word_1_346' title='bbox 2425 3870 2604 3928; x_wconf 84' lang='lat' dir='ltr'>recta</span> <span class='ocrx_word' id='word_1_347' title='bbox 2650 3883 2795 3928; x_wconf 85' lang='lat' dir='ltr'>eva-</span> 
     </span>
     <span class='ocr_line' id='line_1_42' title="bbox 516 3950 2796 4041; baseline -0.004 -20"><span class='ocrx_word' id='word_1_348' title='bbox 516 3956 665 4039; x_wconf 87' lang='lat' dir='ltr'>dat,</span> <span class='ocrx_word' id='word_1_349' title='bbox 732 3957 1114 4041; x_wconf 88' lang='lat' dir='ltr'>rejiciendus</span> <span class='ocrx_word' id='word_1_350' title='bbox 1160 3955 1428 4020; x_wconf 83' lang='lat' dir='ltr'>videtur.</span> <span class='ocrx_word' id='word_1_351' title='bbox 1521 3956 1680 4039; x_wconf 74' lang='lat' dir='ltr'>Egit.</span> <span class='ocrx_word' id='word_1_352' title='bbox 1732 3956 1812 4022; x_wconf 92' lang='lat' dir='ltr'>de</span> <span class='ocrx_word' id='word_1_353' title='bbox 1877 3957 2000 4021; x_wconf 92' lang='lat' dir='ltr'>hoc</span> <span class='ocrx_word' id='word_1_354' title='bbox 2063 3955 2203 4019; x_wconf 91' lang='lat' dir='ltr'>loco</span> <span class='ocrx_word' id='word_1_355' title='bbox 2249 3951 2571 4035; x_wconf 85' lang='lat' dir='ltr'>Kayserus</span> <span class='ocrx_word' id='word_1_356' title='bbox 2616 3950 2796 4029; x_wconf 88' lang='lat' dir='ltr'>(Hei-</span> 
     </span>
     <span class='ocr_line' id='line_1_43' title="bbox 515 4035 2796 4126; baseline -0.005 -17"><span class='ocrx_word' id='word_1_357' title='bbox 515 4042 686 4111; x_wconf 86' lang='lat' dir='ltr'>delb.</span> <span class='ocrx_word' id='word_1_358' title='bbox 732 4042 1003 4109; x_wconf 84' lang='lat' dir='ltr'>Jahrbb.</span> <span class='ocrx_word' id='word_1_359' title='bbox 1054 4044 1242 4107; x_wconf 78' lang='lat'>1866.</span> <span class='ocrx_word' id='word_1_360' title='bbox 1287 4064 1349 4126; x_wconf 89' lang='lat' dir='ltr'>p.</span> <span class='ocrx_word' id='word_1_361' title='bbox 1403 4045 1555 4125; x_wconf 83' lang='lat'>786)</span> <span class='ocrx_word' id='word_1_362' title='bbox 1596 4042 1731 4125; x_wconf 90' lang='lat' dir='ltr'>.qui</span> <span class='ocrx_word' id='word_1_363' title='bbox 1796 4043 1976 4124; x_wconf 86' lang='lat' dir='ltr'>prius</span> <span class='ocrx_word' id='word_1_364' title='bbox 2027 4039 2289 4105; x_wconf 87' lang='lat' dir='ltr'>verbum</span> <span class='ocrx_word' id='word_1_365' title='bbox 2353 4035 2654 4121; x_wconf 80' lang='grc' dir='ltr'><strong><em>ὁπότεροι</em></strong></span> <span class='ocrx_word' id='word_1_366' title='bbox 2700 4035 2796 4100; x_wconf 89' lang='lat' dir='ltr'>al-</span> 
     </span>
    </p>
   </div>
   <div class='ocr_carea' id='block_1_10' title="bbox 517 4118 2834 4205">
    <p class='ocr_par' dir='ltr' id='par_1_10' title="bbox 517 4118 2834 4205">
     <span class='ocr_line' id='line_1_44' title="bbox 517 4118 2834 4205; baseline -0.005 -10"><span class='ocrx_word' id='word_1_367' title='bbox 517 4135 730 4195; x_wconf 82' lang='lat' dir='ltr'>terum</span> <span class='ocrx_word' id='word_1_368' title='bbox 772 4126 970 4193; x_wconf 76' lang='grc' dir='ltr'>ταῦτὰ</span> <span class='ocrx_word' id='word_1_369' title='bbox 1031 4128 1370 4195; x_wconf 86' lang='lat' dir='ltr'>excludere</span> <span class='ocrx_word' id='word_1_370' title='bbox 1415 4134 1588 4193; x_wconf 89' lang='lat' dir='ltr'>recte</span> <span class='ocrx_word' id='word_1_371' title='bbox 1633 4130 1884 4194; x_wconf 83' lang='lat' dir='ltr'>statuit.</span> <span class='ocrx_word' id='word_1_372' title='bbox 1972 4127 2113 4191; x_wconf 87' lang='lat' dir='ltr'>Dici</span> <span class='ocrx_word' id='word_1_373' title='bbox 2159 4126 2327 4190; x_wconf 90' lang='lat' dir='ltr'>enim</span> <span class='ocrx_word' id='word_1_374' title='bbox 2385 4129 2604 4205; x_wconf 86' lang='lat' dir='ltr'>potest</span> <span class='ocrx_word' id='word_1_375' title='bbox 2648 4118 2834 4203; x_wconf 72' lang='grc' dir='ltr'><strong><em>ὑμῖν,</em></strong></span> 
     </span>
    </p>
   </div>
   <div class='ocr_carea' id='block_1_11' title="bbox 517 4205 2801 4645">
    <p class='ocr_par' dir='ltr' id='par_1_11' title="bbox 517 4205 2801 4645">
     <span class='ocr_line' id='line_1_45' title="bbox 517 4205 2799 4300; baseline -0.004 -21"><span class='ocrx_word' id='word_1_376' title='bbox 517 4214 715 4279; x_wconf 68' lang='grc' dir='ltr'>ταύτὰ</span> <span class='ocrx_word' id='word_1_377' title='bbox 762 4216 1123 4300; x_wconf 73' lang='grc' dir='ltr'><strong><em>πράττομεν</em></strong></span> <span class='ocrx_word' id='word_1_378' title='bbox 1165 4223 1239 4279; x_wconf 75' lang='lat' dir='ltr'>ub</span> <span class='ocrx_word' id='word_1_379' title='bbox 1290 4215 1355 4279; x_wconf 90' lang='lat' dir='ltr'>in</span> <span class='ocrx_word' id='word_1_380' title='bbox 1400 4236 1494 4282; x_wconf 90' lang='lat' dir='ltr'>or.</span> <span class='ocrx_word' id='word_1_381' title='bbox 1541 4221 1803 4280; x_wconf 85' lang='lat' dir='ltr'>nostrae</span> <span class='ocrx_word' id='word_1_382' title='bbox 1845 4216 1900 4300; x_wconf 60' lang='grc' dir='ltr'>ἕ.</span> <span class='ocrx_word' id='word_1_383' title='bbox 1950 4219 2031 4279; x_wconf 87' lang='grc'>90</span> <span class='ocrx_word' id='word_1_384' title='bbox 2074 4213 2341 4295; x_wconf 80' lang='lat' dir='ltr'>legitur:</span> <span class='ocrx_word' id='word_1_385' title='bbox 2408 4205 2799 4291; x_wconf 69' lang='grc' dir='ltr'><strong><em>ὄφθήσεσθε</em></strong></span> 
     </span>
     <span class='ocr_line' id='line_1_46' title="bbox 517 4294 2797 4386; baseline -0.004 -20"><span class='ocrx_word' id='word_1_386' title='bbox 517 4305 644 4366; x_wconf 73' lang='grc' dir='ltr'><strong><em>τῶν</em></strong></span> <span class='ocrx_word' id='word_1_387' title='bbox 687 4301 901 4366; x_wconf 74' lang='grc' dir='ltr'><strong><em>αὐτῶν</em></strong></span> <span class='ocrx_word' id='word_1_388' title='bbox 941 4301 1145 4386; x_wconf 79' lang='grc' dir='ltr'><strong><em>ἔργων</em></strong></span> <span class='ocrx_word' id='word_1_389' title='bbox 1186 4300 1581 4385; x_wconf 75' lang='grc' dir='ltr'><strong><em>ἐπιθυμηταὶ</em></strong></span> <span class='ocrx_word' id='word_1_390' title='bbox 1622 4303 1869 4376; x_wconf 80' lang='grc' dir='ltr'><strong><em>τούτοις</em></strong></span> <span class='ocrx_word' id='word_1_391' title='bbox 1910 4300 2115 4378; x_wconf 74' lang='grc' dir='ltr'><strong><em>ὄντεςς</em></strong></span> <span class='ocrx_word' id='word_1_392' title='bbox 2172 4297 2249 4362; x_wconf 91' lang='lat' dir='ltr'>cf.</span> <span class='ocrx_word' id='word_1_393' title='bbox 2297 4295 2457 4359; x_wconf 89' lang='lat' dir='ltr'>Xen.</span> <span class='ocrx_word' id='word_1_394' title='bbox 2503 4294 2669 4361; x_wconf 91' lang='lat' dir='ltr'>Hell.</span> <span class='ocrx_word' id='word_1_395' title='bbox 2715 4294 2797 4374; x_wconf 85' lang='grc' dir='ltr'>Π,</span> 
     </span>
     <span class='ocr_line' id='line_1_47' title="bbox 519 4378 2800 4472; baseline -0.004 -21"><span class='ocrx_word' id='word_1_396' title='bbox 519 4393 576 4463; x_wconf 91' lang='lat'>4,</span> <span class='ocrx_word' id='word_1_397' title='bbox 624 4393 696 4472; x_wconf 81' lang='lat'>93</span> <span class='ocrx_word' id='word_1_398' title='bbox 743 4388 840 4455; x_wconf 90' lang='lat' dir='ltr'>vel</span> <span class='ocrx_word' id='word_1_399' title='bbox 876 4391 1112 4463; x_wconf 75' lang='grc' dir='ltr'><strong><em>πάντες</em></strong></span> <span class='ocrx_word' id='word_1_400' title='bbox 1158 4386 1352 4451; x_wconf 73' lang='grc' dir='ltr'><strong><em>ταῦτα</em></strong></span> <span class='ocrx_word' id='word_1_401' title='bbox 1399 4385 1810 4472; x_wconf 77' lang='grc' dir='ltr'><strong><em>πράττουσιν.’</em></strong></span> <span class='ocrx_word' id='word_1_402' title='bbox 1888 4387 2112 4470; x_wconf 86' lang='lat' dir='ltr'>Neque</span> <span class='ocrx_word' id='word_1_403' title='bbox 2143 4403 2293 4450; x_wconf 84' lang='lat' dir='ltr'>vero</span> <span class='ocrx_word' id='word_1_404' title='bbox 2337 4380 2607 4447; x_wconf 83' lang='lat' dir='ltr'>verbum</span> <span class='ocrx_word' id='word_1_405' title='bbox 2646 4378 2800 4460; x_wconf 75' lang='grc' dir='ltr'><strong><em>ταῦ-</em></strong></span> 
     </span>
     <span class='ocr_line' id='line_1_48' title="bbox 519 4466 2801 4565; baseline -0.003 -29"><span class='ocrx_word' id='word_1_406' title='bbox 519 4477 627 4557; x_wconf 78' lang='grc' dir='ltr'>τα,</span> <span class='ocrx_word' id='word_1_407' title='bbox 700 4475 755 4541; x_wconf 89' lang='lat' dir='ltr'>si</span> <span class='ocrx_word' id='word_1_408' title='bbox 802 4475 882 4541; x_wconf 90' lang='lat' dir='ltr'>de</span> <span class='ocrx_word' id='word_1_409' title='bbox 926 4474 1303 4542; x_wconf 85' lang='lat' dir='ltr'>alterutrius</span> <span class='ocrx_word' id='word_1_410' title='bbox 1363 4472 1572 4558; x_wconf 84' lang='lat' dir='ltr'>partis</span> <span class='ocrx_word' id='word_1_411' title='bbox 1632 4474 1824 4541; x_wconf 88' lang='lat' dir='ltr'>rebus</span> <span class='ocrx_word' id='word_1_412' title='bbox 1868 4474 2069 4556; x_wconf 85' lang='lat' dir='ltr'>gestis</span> <span class='ocrx_word' id='word_1_413' title='bbox 2130 4488 2341 4535; x_wconf 87' lang='lat' dir='ltr'>sermo</span> <span class='ocrx_word' id='word_1_414' title='bbox 2389 4473 2524 4548; x_wconf 89' lang='lat' dir='ltr'>est,</span> <span class='ocrx_word' id='word_1_415' title='bbox 2588 4466 2684 4532; x_wconf 84' lang='lat' dir='ltr'>ita</span> <span class='ocrx_word' id='word_1_416' title='bbox 2729 4471 2801 4565; x_wconf 76' lang='lat' dir='ltr'>ut</span> 
     </span>
     <span class='ocr_line' id='line_1_49' title="bbox 520 4552 2801 4645; baseline -0.003 -21"><span class='ocrx_word' id='word_1_417' title='bbox 520 4561 728 4627; x_wconf 85' lang='lat' dir='ltr'>altera</span> <span class='ocrx_word' id='word_1_418' title='bbox 766 4583 1005 4645; x_wconf 88' lang='lat' dir='ltr'>neque·</span> <span class='ocrx_word' id='word_1_419' title='bbox 1042 4567 1450 4644; x_wconf 86' lang='lat' dir='ltr'>comparetur</span> <span class='ocrx_word' id='word_1_420' title='bbox 1491 4581 1701 4643; x_wconf 91' lang='lat' dir='ltr'>neque</span> <span class='ocrx_word' id='word_1_421' title='bbox 1759 4559 1949 4626; x_wconf 82' lang='lat' dir='ltr'>simul</span> <span class='ocrx_word' id='word_1_422' title='bbox 1991 4557 2398 4624; x_wconf 81' lang='lat' dir='ltr'>contineatur</span> <span class='ocrx_word' id='word_1_423' title='bbox 2420 4604 2436 4635; x_wconf 92' lang='lat'>,</span> <span class='ocrx_word' id='word_1_424' title='bbox 2502 4552 2801 4619; x_wconf 76' lang='lat' dir='ltr'>adhiberi</span> 
     </span>
    </p>
   </div>
   <div class='ocr_carea' id='block_1_12' title="bbox 2931 2 3038 19">
    <p class='ocr_par' dir='ltr' id='par_1_12' title="bbox 2931 2 3038 19">
     <span class='ocr_line' id='line_1_50' title="bbox 2931 2 3038 19; baseline 0.009 -4"><span class='ocrx_word' id='word_1_425' title='bbox 2931 2 3038 19; x_wconf 22' lang='lat' dir='ltr'>..ju-</span> 
     </span>
    </p>
   </div>
   <div class='ocr_carea' id='block_1_13' title="bbox 3169 17 3187 2079">
    <p class='ocr_par' dir='ltr' id='par_1_13' title="bbox 3169 17 3187 2079">
     <span class='ocr_line' id='line_1_51' title="bbox 3169 17 3187 2079; baseline 0 0"><span class='ocrx_word' id='word_1_426' title='bbox 3169 17 3187 2079; x_wconf 95' lang='lat' dir='ltr'> </span> 
     </span>
    </p>
   </div>
   <div class='ocr_carea' id='block_1_14' title="bbox 3173 3113 3183 4062">
    <p class='ocr_par' dir='ltr' id='par_1_14' title="bbox 3173 3113 3183 4062">
     <span class='ocr_line' id='line_1_52' title="bbox 3173 3113 3183 4062; baseline 0 0"><span class='ocrx_word' id='word_1_427' title='bbox 3173 3113 3183 4062; x_wconf 95' lang='lat' dir='ltr'> </span> 
     </span>
    </p>
   </div>
  </div>
 </body>
</html>
