3200 5300
1804 413 1884 472 26

689 582 919 646 vidisse
939 631 953 658 ,
1018 578 1299 644 codicem
1343 599 1496 644 vera
1537 579 1633 643 ita
1695 580 1950 643 tantum
1996 584 2071 643 ut
2128 578 2433 645 librarius
2477 602 2608 646 non
2652 587 2833 648 recte
2881 582 3000 647 in-

690 667 1016 732 tellexerit
1061 686 1138 730 ac
1194 665 1353 730 salsa
1411 666 1621 730 forma
1679 665 2092 748 descripserit
2151 686 2466 732 servasse.
2553 667 2995 734 Notissimum

690 755 860 817 enim
905 758 1034 829 est,
1078 752 1357 817 Graecos
1401 756 1555 816 ante
1602 757 1856 833 tempus
1899 750 2097 831 illud,
2169 772 2245 816 ex
2290 774 2418 836 quo
2465 750 2501 837 ἡ
2545 752 2665 816 a'n'
2710 752 2998 817 Εὐκλεί-

690 838 808 902 δου
849 837 1249 919 γραμματική
1292 844 1605 919 usurpata
1648 843 1778 917 est,
1849 858 1885 899 ο
1930 843 1996 901 et
2042 860 2094 899 ω
2137 858 2268 902 una
2332 840 2585 905 ratione
2640 841 2996 922 scripsisse

690 932 758 990 et
800 951 824 988 ι
869 925 1300 1006 subscriptum
1344 924 1610 1006 reliquis
1656 923 1891 987 litteris
1953 923 2328 1005 adposuisse
2350 976 2368 1005 ‚
2434 924 2531 990 ita
2572 932 2647 990 ut
2711 925 2989 991 verbum

690 1013 902 1076 rarius
969 1016 1349 1093 usurpatum
1418 1008 1487 1072 οἴ
1514 1008 1706 1074 facile
1746 1010 1815 1073 in
1875 1009 2363 1074 usitatissimum
2431 1014 2671 1076 mutari
2734 1020 2990 1094 posset.

689 1098 915 1181 Neque
958 1118 1109 1161 vero
1151 1096 1428 1160 formam
1471 1093 1539 1158 οἷ
1573 1095 1896 1160 interdum
1957 1094 2041 1159 ab
2101 1097 2467 1162 oratoribus
2513 1098 2991 1163 vetustioribus

691 1205 821 1249 non
865 1182 1163 1264 usurpari
1205 1181 1568 1262 Kruegerus
1634 1201 1822 1263 quem
1893 1182 2052 1246 citat
2094 1181 2619 1249 Westermannus
2666 1185 2987 1267 exemplis

606 1287 613 1295 ·
690 1269 907 1334 allatis
977 1268 1440 1335 demonstravit
1503 1287 1709 1349 neque
1745 1267 2208 1348 ·Frohbergeri
2278 1269 2604 1352 (addenda
2668 1291 2734 1353 p.
2797 1273 2988 1343 212.)

691 1356 1013 1420 dubitatio
1058 1355 1218 1418 satis
1261 1354 1465 1433 valet,
1535 1372 1667 1436 qua
1712 1353 1804 1433 ei,
1873 1354 1984 1436 qui
2030 1354 2500 1421 Westermanni
2546 1360 2986 1438 conjecturam

691 1443 980 1523 recipere
1022 1441 1195 1517 velit,
1241 1438 1415 1504 locos
1463 1438 1823 1505 afferendos
1868 1461 2008 1505 esse
2051 1447 2276 1522 putat,
2323 1442 2386 1505 in
2433 1443 2665 1525 quibus
2708 1443 2985 1508 verbum

691 1526 889 1601 αὐτός
951 1525 1415 1610 significatione
1472 1524 1795 1608 „gerade“
1866 1525 2092 1592 eadem
2156 1528 2343 1592 modo
2403 1548 2529 1610 quo
2590 1549 2735 1593 cum
2779 1529 2985 1594 verbo

691 1610 875 1687 οὗτος
915 1614 1293 1692 inveniatur,
1341 1613 1536 1676 etiam
1581 1614 1728 1676 cum
1766 1611 2007 1686 ἐκεῖνος
2048 1616 2459 1696 conjunctum
2503 1616 2607 1679 sit.
2697 1615 2862 1680 Nam
2906 1635 2988 1678 ex

648 1769 653 1775 ,
693 1700 1004 1783 primaria
1049 1698 1226 1762 verbi
1274 1695 1462 1775 αὕτός
1504 1697 1968 1781 significatione
1987 1749 2005 1778 ‚
2074 1700 2322 1764 etiamsi
2368 1699 2560 1764 aliter
2604 1701 2829 1767 eadem
2876 1721 2988 1764 ra-

690 1789 867 1851 tione
938 1784 1302 1868 pronomini
1365 1783 1606 1857 ἒκεῖνος
1669 1784 1992 1867 adJ‘ectum
2066 1806 2196 1850 non
2259 1787 2691 1868 inveniamus,
2781 1787 2984 1852 verba

689 1874 904 1936 ἐκεῖνα
948 1869 1115 1934 αὐτοί
1156 1869 1513 1951 significare
1582 1891 1776 1952 posse
1839 1870 1995 1948 „illa
2037 1871 2223 1953 ipsa“
2297 1873 2398 1937 vel
2439 1872 2780 1938 vernacule
2832 1894 2984 1956 „ge-

691 1958 848 2023 rade
887 1962 1112 2042 jenes“
1157 1956 1426 2020 evadere
1473 1956 1628 2020 mihi
1670 1955 1944 2020 videtur.
2305 1998 2310 2005 .
2861 1994 2868 2001 -

862 2043 1269 2109 Contrarium
1334 2042 1634 2106 mendum
1691 2042 2027 2120 librarius,
2096 2042 2212 2125 qui
2258 2042 2540 2108 codicem
2608 2045 2980 2128 descripsit,

694 2130 1011 2195 commisit
1053 2130 1108 2212 ἓ.
1141 2133 1246 2210 89,
1290 2149 1419 2210 quo
1466 2127 1797 2195 Scheibius
1839 2127 1950 2212 (Π,
1993 2127 2236 2215 XXXI)
2280 2135 2458 2195 recte
2498 2150 2616 2212 pro
2662 2152 2760 2208 eo,
2806 2132 2983 2214 quod

688 2218 960 2298 legitur,
1051 2214 1282 2279 πολλοὶ
1346 2215 1634 2280 restituit
1694 2212 1939 2297 πολλῷ.
2029 2218 2244 2297 Atque
2313 2217 2483 2281 idem
2513 2268 2520 2273 .
2554 2218 2613 2280 ei
2673 2217 2982 2282 accidisse

691 2303 946 2367 videtur
990 2303 1046 2385 ξ.
1097 2305 1199 2379 56,
1246 2300 1357 2365 ubi
1403 2323 1543 2365 cum
1588 2299 2149 2380 Rauchensteinio,
2196 2301 2298 2365 cui
2327 2301 2648 2384 Kayserus
2696 2302 2982 2383 (Heidel-

692 2389 919 2472 berger
963 2386 1232 2452 Jahrhb.
1284 2390 1473 2452 1866.
1518 2409 1582 2469 p.
1618 2388 1796 2471 783.)
1842 2387 2299 2469 adstipulatur,
2344 2388 2683 2471 legendum
2726 2389 2982 2454 videtur

692 2472 748 2559 ᾤ
790 2480 901 2537 καὶ
944 2475 1244 2557 φανεραῖς
1300 2472 1706 2549 ἐπεδείξαντο
1764 2494 1886 2555 pro
1947 2473 2181 2538 codicis
2235 2471 2304 2536 οἷ
2337 2479 2447 2536 καὶ
2489 2479 2788 2557 φανερῶς
2829 2475 2984 2538 ἐπε-

691 2563 982 2637 δείξαντο
1022 2596 1112 2610 -—
1180 2557 1296 2623 sed
1341 2559 1460 2624 hoc
1500 2559 1643 2624 loco
1707 2561 1764 2623 si
1806 2559 2347 2625 Rauchensteinio
2412 2560 2602 2626 fidem
2648 2561 2979 2640 habemus,

689 2650 853 2714 liber
915 2645 1389 2727 manuscriptus
1453 2647 1706 2729 signum
1764 2645 2038 2711 fortasse
2092 2647 2437 2729 genuinum
2494 2650 2629 2714 veri
2672 2650 2980 2732 scriptum

689 2829 841 2884 locos
878 2828 1037 2882 affert
1071 2827 1306 2895 Lipsius,
1339 2824 1398 2876 in
1434 2822 1631 2891 quibus
1666 2827 2010 2881 accusativus
2047 2827 2125 2881 ita
2163 2831 2452 2896 usurpatus
2476 2826 2768 2880 invenitur.
2841 2826 2978 2893 Quo-

687 2918 815 2955 rum
850 2902 988 2954 alter
1022 2899 1221 2968 legitur
1257 2898 1313 2951 in
1351 2911 1431 2949 or.
1466 2895 1614 2957 XIV,
1651 2898 1748 2966 315
1821 2901 1994 2951 καίτοι
2026 2899 2244 2968 σφόδρα
2295 2900 2518 2950 εἴθισται
2565 2898 2738 2966 λέγειν
2775 2895 2848 2955 ὥς
2883 2896 2980 2949 οὐκ

689 2970 826 3029 εἶκός
859 2973 1024 3032 ἐστιν,
1087 2968 1173 3021 τόν
1208 2966 1312 3039 μὲν
1347 2966 1547 3034 πατέρα
1586 2964 1799 3020 adro&
1855 2968 2182 3022 κατελθόντα
2230 2967 2437 3037 δωρεὰς
2482 2966 2633 3037 παρὰ
2680 2967 2773 3020 τοῦ
2806 2967 2978 3038 δῆμον

691 3043 899 3110 λαβεῖν,
936 3039 1116 3093 τοῦτον
1136 3040 1190 3093 ‹5’
1227 3038 1428 3097 ἀδίκως
1460 3035 1552 3089 διὰ
1587 3036 1678 3100 τὴν
1714 3039 1895 3105 ᾳυγῆν
1930 3040 2018 3104 τὴν
2053 3041 2254 3093 ἐκείνου
2291 3038 2704 3108 διαβεβλῆσθαι,
2743 3055 2809 3094 ac
2844 3039 2978 3094 veri·

689 3114 866 3168 simile
903 3117 1011 3182 est,
1046 3127 1351 3184 pronomen
1386 3108 1588 3172 τοῢτον,
1644 3109 1715 3163 ad
1752 3128 1915 3179 quem
1953 3113 2212 3167 transitus
2250 3111 2403 3180 quasi
2440 3112 2721 3166 enuntiato
2761 3139 2829 3150 —
2891 3109 2979 3163 τὸν

686 3186 792 3257 μὲν
826 3187 1027 3254 πατέρα
1065 3183 1222 3237 αὐτο
1239 3183 1273 3235 ὕ
1305 3212 1378 3221 -
1434 3185 1688 3250 paratur,
1748 3184 2038 3253 praecipue
2096 3188 2325 3253 propter
2380 3184 2609 3237 verbum
2671 3181 2977 3251 oppositum

689 3260 893 3310 ἐκείνου
931 3258 1120 3311 locum
1168 3256 1389 3308 habere.
1461 3252 1531 3307 cf.
1569 3253 1738 3318 XXV,
1776 3258 1865 3309 33.
1939 3254 2269 3321 (Pronomen
2325 3249 2476 3314 οὗτος
2508 3283 2582 3294 -
2638 3271 2815 3322 neque
2849 3271 2974 3308 vero

691 3326 783 3382 ὅδε
817 3358 890 3368 -
938 3328 1054 3397 jam
1092 3325 1237 3396 apud
1272 3325 1573 3378 Homerum
1608 3339 1827 3392 semper
1878 3327 2160 3394 usurpari,
2216 3326 2328 3392 ιὼί,ι
2378 3325 2653 3395 oppositio
2714 3326 2976 3394 quaedam

692 3400 1054 3470 exprimenda
1089 3398 1191 3461 sit,
1226 3395 1535 3450 observavit
1572 3394 1809 3466 Hentze,
1858 3396 2057 3450 Philol.
2098 3398 2208 3451 vol.
2245 3397 2468 3464 XXVII,
2502 3416 2557 3467 p.
2596 3398 2702 3451 510
2738 3401 2797 3451 et
2833 3395 2975 3465 512.)

688 3472 842 3526 Alter
877 3472 935 3524 in
971 3488 1050 3525 or.
1091 3467 1341 3529 XXVIII,
1377 3470 1426 3530 ἓ.
1464 3465 1495 3519 7
1536 3466 1765 3535 legitur:
1831 3465 1995 3528 οὕτως
2029 3467 2140 3538 γὰρ
2175 3466 2453 3537 ἡγοῦνται,
2513 3467 2680 3520 οὐκέτι
2713 3472 2823 3526 τοῖς
2854 3484 2974 3536 σφε-

688 3545 853 3612 τέροις
890 3541 1063 3594 αὐτῶν
1099 3537 1446 3610 ἁμαρτήμασι
1481 3535 1570 3588 τὸν
1611 3536 1744 3589 νοῦν
1779 3537 1927 3607 ὑμᾶς
1960 3540 2258 3610 προσέχειν,
2297 3536 2406 3591 ἀλλ’
2445 3537 2580 3608 ὑπὲρ
2613 3539 2773 3607 ὑμῶν
2808 3538 2975 3592 αὐτῶν

689 3615 783 3667 καὶ
817 3614 902 3679 τῆς
958 3613 1161 3668 πόλεως
1211 3608 1588 3680 ὀρῤωθοῦντας
1640 3608 1867 3678 ἡσυχίαν
1913 3612 2049 3679 πρὸς
2096 3612 2307 3669 τούτους
2342 3609 2490 3669 ἕξειν.
2564 3611 2673 3665 Sed
2707 3612 2814 3664 hoc
2850 3628 2973 3678 quo·

690 3701 800 3755 que
833 3688 1016 3739 locum
1053 3682 1391 3737 enuntiatum
1428 3678 1598 3732 οὐκέτι
1629 3683 1772 3739 τοῖς
1830 3683 2187 3752 σφετέροις
2224 3680 2445 3734 αὐτῶν
2498 3680 2845 3752 ἁμαρτήμασι
2890 3680 2974 3734 τὸν

692 3757 823 3810 νοῦν
861 3755 1006 3827 ὑμᾶς
1042 3756 1326 3824 προσέχειν
1359 3753 1503 3806 inter
1537 3752 1707 3805 verba
1742 3750 1991 3822 ἡγοῦνται
2028 3759 2084 3808 et
2122 3749 2231 3806 ἀλλ’
2271 3752 2500 3822 ἡσυχίαν
2535 3754 2672 3823 πρὸς
2706 3752 2974 3813 τούτους

689 3827 841 3891 ἕξειν,
877 3845 984 3896 quo
1020 3826 1276 3882 transitus
1303 3822 1510 3879 facilior
1532 3821 1644 3889 fiat,
1676 3823 2014 3879 intercedere
2051 3825 2312 3880 videmus.
2386 3824 2485 3879 Cui
2521 3825 2882 3879 observationi
2917 3824 2972 3877 in

690 3900 1000 3954 universum
1036 3916 1148 3952 non
1191 3899 1501 3966 repugnant
1555 3895 1806 3963 exempla
1842 3914 1874 3949 a
1909 3896 2228 3951 Foertschio
2278 3895 2704 3963 (observationes
2759 3896 2971 3950 criticae

690 3977 800 4026 etc.
837 3972 986 4039 Lips.
1026 3973 1077 4023 8.
1112 3987 1167 4038 p.
1205 3970 1275 4023 68
1310 3967 1452 4036 sqq.)
1504 3965 1737 4021 collecta
1788 3982 1927 4033 quae
1981 3984 2092 4021 non
2153 3967 2337 4021 omnia
2371 3968 2590 4035 quidem
2653 3984 2871 4036 prorsus
2904 3968 2969 4021 ad

694 4060 830 4106 rem,
868 4043 939 4096 de
975 4058 1080 4109 qua
1115 4040 1248 4109 agit,
1282 4039 1567 4106 quadrant.
1640 4037 1705 4090 In
1739 4038 2013 4091 nonnullis
2037 4040 2183 4092 euim
2219 4039 2386 4093 etiam
2409 4040 2703 4093 secundum
2735 4044 2969 4094 nostram

693 4114 913 4169 dicendi
947 4113 1216 4166 rationem
1251 4127 1318 4163 ex
1349 4108 1581 4162 oratoris
1608 4108 1836 4162 arbitrio
1873 4108 2150 4176 pendebat
2165 4150 2179 4174 ,
2231 4127 2538 4179 pronomen
2571 4109 2728 4169 αὐτὸς
2760 4111 2850 4165 vel
2884 4105 2970 4164 οὖ-

693 4204 780 4245 τος
812 4199 1073 4253 usurpare
1092 4222 1106 4247 ,
1161 4182 1219 4235 in
1255 4180 1362 4234 alio
1398 4178 1648 4247 (XXXII,
1690 4178 1777 4246 14)
1813 4178 2041 4233 verbum
2077 4182 2260 4246 ταύτην
2294 4199 2404 4234 non
2440 4181 2512 4236 ad
2548 4187 2859 4236 accusatum
2890 4200 2964 4237 re-

693 4257 867 4312 fertur
916 4272 982 4309 ac
1032 4258 1182 4308 recte
1221 4269 1255 4305 a
1289 4250 1542 4305 Scheibio
1594 4253 1653 4304 et
1687 4249 2140 4305 Rauchensteinio
2175 4251 2232 4304 in
2283 4250 2442 4315 αὐτὴν
2476 4252 2698 4308 Reiskio
2758 4257 2967 4309 auctore

695 4332 963 4382 mutatum
1001 4329 1100 4380 est.
1171 4324 1237 4376 In
1267 4322 1344 4376 eis
1377 4326 1557 4375 autem
1574 4361 1588 4389 ,
1626 4336 1763 4389 quae
1800 4338 2108 4392 repugnare
2144 4322 2399 4377 videntur
2413 4363 2427 4385 ,
2462 4329 2668 4378 certam
2705 4325 2965 4392 quandam

694 4416 820 4452 usus
855 4415 1102 4453 caussam
1134 4391 1365 4449 inveniri
1400 4409 1559 4460 posse
1597 4395 1750 4461 puto,
1786 4397 1848 4446 ut
1883 4394 1939 4446 in
1979 4394 2101 4448 loco
2131 4395 2247 4463 jam
2272 4396 2474 4448 collato
2511 4396 2702 4462 (XXV,
2738 4396 2850 4464 33),
2880 4398 2967 4452 ubi

694 4487 783 4523 res
842 4485 1064 4538 prorsus
1112 4467 1303 4521 eadem
1358 4468 1444 4518 est
1476 4480 1542 4518 ac
1575 4463 1722 4527 XIV,
1758 4466 1849 4518 31.
1922 4465 2112 4533 Itaque
2147 4465 2314 4519 certis
2369 4465 2568 4520 finibus
2621 4466 2767 4520 hunc
2823 4484 2962 4522 usum

697 4540 1071 4597 circumscribi
1081 4542 1259 4607 patet,
1292 4552 1427 4605 quos
1450 4552 1519 4589 ne
1537 4535 1884 4605 egrediamur
1908 4540 2221 4607 conjectura
2239 4555 2401 4607 quam
2420 4538 2657 4594 maxime
2677 4555 2965 4594 caveamus.
