3200 5300
1533 256 1613 318 17

423 425 560 509 jam
603 422 727 488 hoc
780 422 920 488 loco
974 428 1265 506 apparet.
1357 422 1559 500 Quam
1626 443 1821 506 quum
1868 421 2078 488 verbis
2123 424 2235 505 τὴν
2277 425 2424 508 περὶ
2478 425 2588 507 τῆς
2627 424 2713 486 εἶ-

432 510 624 594 ρήνης
687 530 831 574 cum
866 508 1312 592 Frohbergero
1354 508 1742 592 glossemate
1781 509 2048 574 seclusis
2087 508 2393 590 tollimus,
2422 528 2504 574 ne
2536 513 2712 595 justo

433 596 814 662 audaciores
840 596 1039 661 simus
1084 595 1294 661 indole
1340 602 1554 661 textus
1575 595 1829 679 Lysiaci
1845 600 2145 678 respecta
2174 615 2301 661 non
2326 614 2621 660 veremur
2635 597 2711 678 1).

601 682 726 748 Sed
789 683 1165 765 priusquam
1217 682 1299 746 ad
1366 682 1557 746 aliam
1625 702 1760 746 rem
1828 680 2349 765 progrediamur,
2410 682 2479 746 id
2540 684 2713 766 quod

431 788 630 851 supra
687 767 1065 850 simpliciter
1129 769 1495 850 posuimUS,
1561 769 1925 833 accuratius
1981 768 2490 849 consideremus,
2557 789 2711 834 num

432 854 723 919 homines
766 854 860 918 illi
904 854 1249 937 populares
1273 875 1432 937 pace
1471 858 1608 939 jam
1653 860 1919 936 accepta
1963 853 2162 918 nihilo
2208 854 2417 918 minus
2439 874 2711 938 sperare

430 941 780 1024 potuerint,
827 940 1056 1005 melius
1102 939 1411 1023 quiddam
1452 940 1600 1006 urbi
1646 942 1896 1023 patriae
1940 960 2012 1004 se
2043 945 2503 1023 assequuturos
2548 961 2711 1008 esse.

431 1027 935 1092 Atheniensibus
979 1032 1054 1092 ut
1098 1047 1292 1109 supra
1339 1027 1580 1092 dictum
1622 1027 2003 1109 permissum
2049 1032 2209 1106 erat,
2253 1031 2327 1090 ut
2348 1027 2528 1108 pacis
2557 1047 2713 1092 con-

432 1113 709 1178 ditiones
760 1119 1281 1196 exsequerentur.
1338 1112 1380 1179 J
1383 1134 1488 1177 am
1532 1113 1913 1197 optimateS‚
1959 1111 2193 1213 quibus
2236 1112 2440 1177 multo
2482 1117 2714 1198 majori

431 1219 625 1264 curae
670 1206 858 1282 quam
905 1198 1240 1283 Lysandro
1283 1200 1407 1283 ipsi
1448 1199 1648 1264 fuisse
1709 1204 1784 1263 ut
1846 1218 2023 1282 pacls
2084 1197 2480 1264 conditiones
2538 1220 2714 1264 acer-

431 1285 734 1350 bissimae
797 1285 1256 1367 perficerentur
1315 1290 1382 1351 et
1460 1285 1822 1368 imperium
1903 1284 2216 1368 populare
2291 1289 2712 1366 everteretur,

433 1371 701 1437 Grotius
744 1371 839 1455 (p.
886 1374 1014 1435 314
1059 1391 1154 1455 sq.
1203 1378 1270 1437 et
1317 1371 1472 1458 317)
1517 1377 1694 1436 recte
1737 1370 2086 1451 intellexit,
2127 1372 2409 1454 primum
2455 1371 2713 1454 quidem

430 1457 720 1522 homines
764 1457 909 1523 illos
970 1458 1318 1541 populares
1363 1479 1399 1523 e
1447 1458 1658 1522 medio
1705 1456 2109 1523 sustulerunt
2150 1477 2228 1522 ac
2270 1463 2409 1521 tum
2455 1457 2714 1541 quidem

431 1543 856 1627 Lysandrum,
903 1550 979 1608 ut
1023 1545 1285 1609 consilia
1332 1564 1453 1608 sua
1497 1544 1854 1628 adjuvaret,
1898 1565 1940 1608 a
1982 1543 2172 1609 Samo
2220 1545 2712 1609 arcessiverunt.

431 1629 676 1707 Quibus
742 1629 1163 1695 suadentibus
1206 1636 1273 1695 et
1314 1631 1380 1694 in
1450 1631 1744 1695 omnibus
1801 1628 1996 1694 rebus
2040 1650 2284 1695 morem
2342 1631 2713 1712 gerentibus

430 1736 578 1780 eum
607 1715 1013 1781 audaciorem
1041 1723 1107 1782 et
1123 1716 1206 1781 ad
1252 1716 1642 1799 perficienda
1656 1737 1950 1799 quaeque
1978 1715 2461 1799 propensiorem
2475 1717 2716 1781 factum

432 1822 576 1866 esse
641 1803 786 1884 quis
850 1804 1088 1885 neget?
1203 1802 1551 1868 Praeterea
1609 1808 1824 1866 autem
1885 1803 2394 1882 meminerimuS,
2442 1802 2714 1868 discidia

430 1888 561 1967 illa,
608 1908 776 1970 quae
820 1896 1046 1971 postea
1087 1890 1269 1954 inter·
1299 1888 1950 1954 Lacedaemoniorum
1992 1909 2178 1972 reges
2221 1893 2289 1953 et
2310 1886 2713 1973 Lysandrum

430 1979 497 2038 et
541 1974 622 2038 de
665 1973 860 2039 rebus
901 1976 1172 2039 internis
1214 1984 1282 2041 et
1325 1974 1407 2039 de
1449 1975 1954 2041 Atheniensibus
2000 1976 2391 2040 exstiterunt
2414 1974 2520 2059 (cf.
2544 1975 2707 2040 Xen.

429 2059 492 2124 h.
540 2060 653 2124 Gr.
697 2061 782 2137 II,
830 2065 890 2141 4,
939 2062 1051 2144 29)
1105 2065 1240 2145 jam
1304 2068 1446 2126 tum
1510 2062 1762 2125 initium
1827 2062 2077 2143 cepisse
2134 2060 2334 2125 videri
2394 2060 2493 2145 (cf.
2538 2061 2710 2129 Plut.

431 2145 579 2230 Lys.
624 2167 678 2210 c.
724 2146 923 2232 XIV).
1015 2147 1080 2211 Si
1125 2148 1324 2230 igitur
1367 2148 1794 2230 accipiamus,
1860 2147 2053 2213 duces
2098 2146 2245 2212 illos
2312 2152 2536 2230 captos
2580 2167 2710 2213 non

434 2253 597 2313 esse,
643 2232 837 2297 immo
881 2234 1289 2314 auctoritate,
1337 2253 1466 2316 qua
1509 2233 1911 2314 fruebantur,
1956 2254 2109 2299 usos
2146 2233 2530 2317 optimatum
2558 2254 2711 2299 con-

428 2317 576 2382 silia
616 2338 734 2401 per
788 2318 1050 2402 aliquod
1117 2327 1371 2402 tempus
1415 2320 1776 2385 coercuisse
1821 2340 1900 2385 ac
1954 2325 2186 2403 postea
2242 2319 2518 2385 fortasse
2562 2339 2708 2385 cum

430 2404 895 2487 Spartanorum
937 2405 1198 2489 regibus
1242 2407 1450 2489 egisse
1495 2427 1705 2472 nonne
1750 2407 1956 2471 multa
1998 2426 2264 2490 prorsus
2330 2406 2521 2470 aliter
2563 2425 2709 2471 eva-

430 2490 584 2557 dere
628 2492 921 2573 potuisse
965 2493 1289 2575 apparet?
1347 2513 1559 2557 nonne
1605 2513 1679 2558 ea
1724 2493 1977 2557 ratione
1997 2544 2011 2573 ,
2061 2513 2190 2576 qua
2234 2492 2530 2557 omnibus
2573 2492 2712 2558 fere

429 2576 831 2661 temporibus
874 2579 1201 2643 interdum
1247 2578 1572 2659 acciderit,
1618 2585 1693 2643 ut
1735 2596 1831 2660 ea,
1879 2599 2046 2663 quae
2086 2579 2255 2643 inter
2298 2584 2517 2661 partes
2557 2599 2709 2645 conb

430 2670 762 2744 venerant,
808 2685 936 2730 non
981 2667 1196 2731 omnia
1241 2671 1544 2731 accurate
1586 2666 2069 2746 conficerentur,
2116 2666 2312 2731 etiam
2355 2665 2481 2730 hac
2525 2667 2593 2731 in
2637 2685 2709 2731 re

428 2749 633 2816 facile·
675 2750 819 2816 fieri
874 2753 1088 2834 potuit
1106 2753 1138 2816 ’ἓ
1243 2753 1550 2817 Attamen
1584 2753 1826 2817 talibus
1888 2752 2272 2837 conjecturis
2330 2751 2491 2818 nihil
2547 2753 2709 2818 certi

432 2837 733 2918 efficitur,
774 2837 1011 2903 sufficit
1048 2838 1549 2918 demonstrasse,
1593 2838 1824 2923 Lysiae
1865 2838 2064 2904 verba
2110 2858 2150 2904 a
2196 2858 2413 2903 rerum
2456 2843 2707 2922 tempo-

430 2943 699 3007 rumque
742 2924 1103 2992 rationibus
1148 2945 1277 2989 non
1318 2924 1692 2990 abhorrere.

494 3050 501 3056 -
610 3009 906 3075 Venimus
947 3011 1031 3074 ad
1077 3012 1518 3094 quaestionem
1566 3011 1646 3075 de
1691 3011 1950 3093 ephoris
1992 3008 2510 3090 Atheniensibus,
2546 3029 2710 3092 quo-

434 3115 576 3160 rum
624 3094 846 3180 Lysias
892 3103 987 3161 ex‘
1029 3098 1312 3180 antiquis
1374 3097 1798 3181 scriptoribus
1857 3096 2034 3161 solus
2090 3096 2481 3161 mentionem
2536 3094 2707 3160 fecit.

430 3180 574 3258 Qua
604 3219 611 3230 ·
639 3203 745 3263 re,
811 3183 1158 3265 praecipue
1217 3185 1276 3247 si
1349 3183 1636 3266 reliquas
1702 3203 1836 3264 res,
1911 3182 1991 3247 de
2035 3181 2270 3264 quibus
2313 3182 2577 3264 egimuS,
2629 3219 2705 3230 -—

433 3268 664 3333 ducum
709 3267 974 3334 insidias
1019 3271 1152 3334 alia
1197 3307 1281 3318 -—
1325 3269 1793 3349 addiderimus,
1856 3288 2011 3334 sane
2055 3267 2464 3348 adducimur,
2525 3274 2603 3332 ut
2643 3273 2711 3333 et

428 3352 687 3437 Lysiam
748 3376 961 3420 rerum
1032 3361 1356 3440 gestarum
1415 3361 1652 3422 testem
1715 3355 1888 3421 haud
1955 3354 2140 3437 parvi
2190 3355 2600 3420 aestimemus
2641 3360 2710 3419 et

576 3565 629 3633 1)
666 3567 1131 3631 Westermannus,
1162 3569 1507 3637 quaestiones
1543 3567 1804 3637 Lysiacae
1837 3566 1882 3630 Ι,
1906 3568 1938 3620 5
1976 3582 2077 3634 pro
2091 3563 2272 3620 verbis
2297 3564 2422 3633 περὶ
2448 3565 2532 3630 τῆς
2560 3565 2705 3635 εῐρῆ-

429 3657 520 3701 νης
550 3638 904 3693 scribendum
940 3656 1058 3694 esse
1092 3644 1278 3695 censet
1313 3639 1437 3709 περὶ
1469 3640 1552 3704 τῆς
1585 3640 1848 3698 πολιτείας
1883 3642 1938 3692 et
1974 3636 2255 3692 Scheibius
2287 3637 2368 3704 ,(ο.
2403 3636 2470 3691 U.
2504 3655 2559 3707 p.
2599 3640 2704 3692 164

426 3711 530 3776 sq.)
548 3709 858 3763 contionem
872 3710 995 3778 περὶ
1016 3709 1102 3775 τῆς
1123 3710 1328 3782 εῑρῆνης
1349 3710 1591 3765 hocloco
1604 3713 1962 3766 memoratam
1976 3709 2206 3762 eandem
2219 3724 2335 3762 esse
2345 3710 2555 3772 statuit,
2565 3726 2704 3778 quae

425 3780 559 3834 alias
574 3780 718 3848 (XII,
742 3784 774 3834 7
780 3782 835 3850 2)
866 3783 1106 3847 ἐκκλησία
1129 3783 1253 3853 περὶ
1274 3783 1355 3848 τῆς
1372 3784 1635 3846 πολιτείας
1659 3782 1988 3836 nominatur.
2058 3777 2127 3834 Id
2160 3779 2307 3847 quod
2341 3779 2704 3835 demonstrari

430 3868 589 3920 posse
624 3857 786 3920 putat
821 3859 1137 3922 comparato
1173 3857 1214 3910 1.
1250 3871 1328 3923 c.,
1364 3854 1455 3923 qui
1472 3894 1486 3923 ,
1530 3871 1697 3922 quum
1744 3853 1926 3908 contio
1974 3852 2043 3905 de
2090 3852 2174 3905 rei
2218 3851 2472 3922 publicae
2527 3852 2706 3908 forma

426 3923 690 3978 mutanda
753 3932 1212 3982 commemoretur
1224 3965 1241 3990 „
1292 3928 1484 3980 eadem
1537 3926 1653 3980 fere
1707 3925 1877 3979 verba
1910 3940 1976 3978 ac
2010 3926 2194 3977 noster
2239 3924 2389 3994 locus
2424 3924 2707 3992 praebeat.

425 3993 604 4062 Atque
639 3994 747 4049 hoc
783 3996 906 4052 loco
945 3998 1216 4052 sententia
1243 4038 1257 4063 ‚
1302 4015 1408 4065 qua
1452 3998 1639 4052 contio
1687 3998 1745 4050 in
1807 4012 1915 4063 qua
1961 3995 2116 4047 XXX
2150 3993 2254 4048 viri
2296 3993 2534 4048 instituti
2580 4000 2708 4049 sunt

423 4064 803 4135 intellegenda.
831 4069 920 4136 sit,
958 4086 1087 4123 sane
1123 4069 1388 4137 firmatur,
1425 4069 1523 4123 sed
1557 4069 1675 4138 ipse
1713 4067 1876 4121 simul
1914 4083 2038 4122 cum
2074 4065 2122 4135 ξ.
2151 4068 2215 4119 71
2240 4065 2443 4119 indicio
2474 4066 2705 4121 fortasse

422 4141 525 4206 est,
561 4137 705 4192 hanc
742 4140 1055 4196 contionem
1091 4146 1186 4195 aut
1220 4141 1546 4209 simpliciter
1585 4140 1827 4203 ἐκκλησία
1862 4142 1956 4192 aut
1991 4138 2232 4201 ἐκκλησία
2268 4135 2392 4204 περὶ
2426 4137 2513 4201 τῆς
2538 4139 2702 4189 πολι-

422 4210 563 4267 τείας
621 4213 748 4278 apte
795 4212 1087 4268 nominari.
1167 4213 1295 4267 Jam
1340 4229 1507 4281 quum
1555 4228 1670 4265 non
1694 4209 2101 4279 -mtellegatur,
2156 4224 2262 4276 quo
2318 4207 2485 4262 modo
2534 4208 2705 4263 verba

425 4278 550 4347 περὶ
584 4278 669 4344 τῆς
701 4282 967 4343 πολιτείας
1001 4285 1059 4337 in
1094 4284 1217 4352 περὶ
1252 4283 1336 4348 τῆς
1371 4285 1572 4353 εἰρήνης
1605 4284 1901 4353 depravata
1936 4281 2061 4342 sint,
2099 4278 2481 4347 Frohbergero
2518 4281 2702 4342 verba,

424 4367 562 4418 quae
598 4352 870 4418 librarius,
905 4356 999 4424 qui
1033 4361 1194 4410 antea
1227 4355 1402 4410 multa
1437 4356 1507 4409 de
1542 4372 1681 4424 pace
1717 4353 1956 4423 legisset,
1982 4356 2044 4405 ut
2079 4351 2255 4405 oratio
2278 4349 2522 4420 perfecta
2540 4356 2704 4419 atque

424 4422 673 4479 absoluta
710 4424 807 4488 sit,
844 4427 1124 4497 adjecerit,
1162 4427 1367 4482 delenti
1403 4426 1725 4497 adstipulor.
2425 4443 2434 4452 ·
